@article{cimellaro2010framework,
  title={{Framework for analytical quantification of disaster resilience}},
  author={Cimellaro, Gian Paolo and Reinhorn, Andrei M and Bruneau, Michel},
  journal={Engineering structures},
  volume={32},
  number={11},
  pages={3639--3649},
  year={2010},
  publisher={Elsevier}
}

@article{Bruneau2003,
doi = {10.1193/1.1623497},
isbn = {8755-2930},
issn = {87552930},
author = {Bruneau, Michel and Chang, Stephanie E. and Eguchi, Ronald T. and Lee, George C. and O'Rourke, Thomas D. and Reinhorn, Andrei M. and Shinozuka, Masanobu and Tierney, Kathleen and Wallace, William A. and {Von Winterfeldt}, Detlof},
journal = {Earthquake Spectra},
number = {4},
pages = {733--752},
title = {{A Framework to Quantitatively Assess and Enhance the Seismic Resilience of Communities}},
volume = {19},
year = {2003}
}

@article{sun2019resilience,
  title={Resilience evaluation framework for integrated civil infrastructure--community systems under seismic hazard},
  author={Sun, Li and Stojadinovic, Bozidar and Sansavini, Giovanni},
  journal={Journal of Infrastructure Systems},
  volume={25},
  number={2},
  pages={04019016},
  year={2019},
  publisher={American Society of Civil Engineers}
}

@techreport{chang2010transportation,
  title={Transportation system modeling and applications in earthquake engineering},
  author={Chang, Liang},
  year={2010}
}

@article{zhang2016resilience,
  title={Resilience-based risk mitigation for road networks},
  author={Zhang, Weili and Wang, Naiyu},
  journal={Structural Safety},
  volume={62},
  pages={57--65},
  year={2016},
  publisher={Elsevier}
}

@article{vugrin2014optimal,
  title={Optimal recovery sequencing for enhanced resilience and service restoration in transportation networks},
  author={Vugrin, Eric D and Turnquist, Mark A and Brown, Nathanael JK},
  journal={International Journal of Critical Infrastructures},
  volume={10},
  number={3-4},
  pages={218--246},
  year={2014},
  publisher={Inderscience Publishers Ltd}
}

@article{webb2002predicting,
  title={Predicting long-term business recovery from disaster: a comparison of the Loma Prieta earthquake and Hurricane Andrew},
  author={Webb, Gary R and Tierney, Kathleen J and Dahlhamer, James M},
  journal={Global Environmental Change Part B: Environmental Hazards},
  volume={4},
  number={2},
  pages={45--58},
  year={2002},
  publisher={Taylor \& Francis}
}

@article{alesch2001organizations,
  title={Organizations at risk: What happens when small businesses and not-for-profits encounter natural disasters},
  author={Alesch, Daniel J and Holly, James N and Mittler, Elliott and Nagy, Robert},
  year={2001},
  publisher={Public Entity Risk Institute PERI}
}

@article{chang2002disaster,
  title={Disaster vulnerability of businesses in the 2001 Nisqually earthquake},
  author={Chang, Stephanie E and Falit-Baiamonte, Anthony},
  journal={Global Environmental Change Part B: Environmental Hazards},
  volume={4},
  number={2},
  pages={59--71},
  year={2002},
  publisher={Taylor \& Francis}
}

@article{brown2019business,
  title={Business recovery from disaster: A research update for practitioners},
  author={Brown, Charlotte},
  journal={The Australasian Journal of Disaster and Trauma Studies},
  volume={23},
  number={2},
  year={2019}
}

@article{stevenson2014organizational,
  title={Organizational networks and recovery following the Canterbury earthquakes},
  author={Stevenson, JR and Chang-Richards, Y and Conradson, D and Wilkinson, S and Vargo, J and Seville, E and Brunsdon, D},
  journal={Earthquake Spectra},
  volume={30},
  number={1},
  pages={555--575},
  year={2014},
  publisher={SAGE Publications Sage UK: London, England}
}

@article{brown2017efficacy,
  title={Efficacy of insurance for organisational disaster recovery: case study of the 2010 and 2011 Canterbury earthquakes},
  author={Brown, Charlotte and Seville, Erica and Vargo, John},
  journal={Disasters},
  volume={41},
  number={2},
  pages={388--408},
  year={2017},
  publisher={Wiley Online Library}
}

@article{kachali2015industry,
  title={Industry sector recovery following the Canterbury earthquakes},
  author={Kachali, H and Whitman, ZR and Stevenson, JR and Vargo, J and Seville, E and Wilson, Trevor},
  journal={International Journal of Disaster Risk Reduction},
  volume={12},
  pages={42--52},
  year={2015},
  publisher={Elsevier}
}

@article{aghapour2019capacity,
  title={Capacity planning and reconfiguration for disaster-resilient health infrastructure},
  author={Aghapour, Amir Hossein and Yazdani, Maziar and Jolai, Fariborz and Mojtahedi, Mohammad},
  journal={Journal of Building Engineering},
  volume={26},
  pages={100853},
  year={2019},
  publisher={Elsevier}
}

@article{bambaren2011a3,
  title={(A3) Health Care Facilities Affected by the Earthquake in Chile},
  author={Bambaren, C},
  journal={Prehospital and Disaster Medicine},
  volume={26},
  number={S1},
  pages={s1--s2},
  year={2011},
  publisher={Cambridge University Press}
}

@article{ceferino2018probabilistic,
  title={Probabilistic model for regional multiseverity casualty estimation due to building damage following an earthquake},
  author={Ceferino, Luis and Kiremidjian, Anne and Deierlein, Greg},
  journal={ASCE-ASME Journal of Risk and Uncertainty in Engineering Systems, Part A: Civil Engineering},
  volume={4},
  number={3},
  pages={04018023},
  year={2018},
  publisher={American Society of Civil Engineers}
}

@article{ceferino2018regional,
  title={Regional Multiseverity Casualty Estimation Due to Building Damage Following a Mw 8.8 Earthquake Scenario in Lima, Peru},
  author={Ceferino, Luis and Kiremidjian, Anne and Deierlein, Gregory},
  journal={Earthquake Spectra},
  volume={34},
  number={4},
  pages={1739--1761},
  year={2018},
  publisher={Earthquake Engineering Research Institute}
}


@article{ceferino2019effective,
  title={Effective Plans for Hospital System Response to Earthquake Emergencies},
  author={Ceferino, Luis and Mitrani-Reiser, Judith and Kiremidjian, Anne and Deierlein, Gregory and Bambar{\'e}n, Celso},
  year={2019},
  publisher={engrXiv}
}

@article{cimellaro2011performance,
  title={Performance-based metamodel for healthcare facilities},
  author={Cimellaro, Gian Paolo and Reinhorn, Andrei M and Bruneau, Michel},
  journal={Earthquake Engineering \& Structural Dynamics},
  volume={40},
  number={11},
  pages={1197--1217},
  year={2011},
  publisher={Wiley Online Library}
}

@article{gul2015comprehensive,
  title={A comprehensive review of emergency department simulation applications for normal and disaster conditions},
  author={Gul, Muhammet and Guneri, Ali Fuat},
  journal={Computers \& Industrial Engineering},
  volume={83},
  pages={327--344},
  year={2015},
  publisher={Elsevier}
}

@article{jacques2014resilience,
  title={Resilience of the Canterbury hospital system to the 2011 Christchurch earthquake},
  author={Jacques, Caitlin C and McIntosh, Jason and Giovinazzi, Sonia and Kirsch, Thomas D and Wilson, Thomas and Mitrani-Reiser, Judith},
  journal={Earthquake Spectra},
  volume={30},
  number={1},
  pages={533--554},
  year={2014},
  publisher={SAGE Publications Sage UK: London, England}
}

@article{johnston20142010,
  title={The 2010/2011 Canterbury earthquakes: context and cause of injury},
  author={Johnston, David and Standring, Sarah and Ronan, Kevin and Lindell, Michael and Wilson, Thomas and Cousins, Jim and Aldridge, Emma and Ardagh, Michael Warne and Deely, Joanne Margaret and Jensen, Steven and others},
  journal={Natural Hazards},
  volume={73},
  number={2},
  pages={627--637},
  year={2014},
  publisher={Springer}
}

@article{mitrani2012functional,
  title={A functional loss assessment of a hospital system in the B{\'\i}o-B{\'\i}o province},
  author={Mitrani-Reiser, Judith and Mahoney, Michael and Holmes, William T and De La Llera, Juan Carlos and Bissell, Rick and Kirsch, Thomas},
  journal={Earthquake Spectra},
  volume={28},
  number={1\_suppl1},
  pages={473--502},
  year={2012},
  publisher={SAGE Publications Sage UK: London, England}
}

@article{nejat2020spatially,
  title={A spatially explicit model of postdisaster housing recovery},
  author={Nejat, Ali and Javid, Roxana J and Ghosh, Souparno and Moradi, Saeed},
  journal={Computer-Aided Civil and Infrastructure Engineering},
  volume={35},
  number={2},
  pages={150--161},
  year={2020},
  publisher={Wiley Online Library}
}

@article{nateghi2011comparison,
  title={Comparison and validation of statistical methods for predicting power outage durations in the event of hurricanes},
  author={Nateghi, Roshanak and Guikema, Seth D and Quiring, Steven M},
  journal={Risk Analysis: An International Journal},
  volume={31},
  number={12},
  pages={1897--1906},
  year={2011},
  publisher={Wiley Online Library}
}

@article{liu2007statistical,
  title={Statistical forecasting of electric power restoration times in hurricanes and ice storms},
  author={Liu, Haibin and Davidson, Rachel A and Apanasovich, Tatiyana V},
  journal={IEEE Transactions on Power Systems},
  volume={22},
  number={4},
  pages={2270--2279},
  year={2007},
  publisher={IEEE}
}

@article{ouyang2014multi,
  title={Multi-dimensional hurricane resilience assessment of electric power systems},
  author={Ouyang, Min and Duenas-Osorio, Leonardo},
  journal={Structural Safety},
  volume={48},
  pages={15--24},
  year={2014},
  publisher={Elsevier}
}

@article{jun2010analysis,
  title={Analysis of injuries and treatment of 3 401 inpatients in 2008 Wenchuan earthquake—based on Chinese Trauma Databank},
  author={Jun, QIU and Liu, Guo-dong and Wang, Su-xing and Zhang, Xiu-zhu and Zhang, Liang and Yang, LI and Yuan, Dan-Feng and Yang, Zhi-huan and Zhou, Ji-Hong},
  journal={Chinese Journal of Traumatology (English Edition)},
  volume={13},
  number={5},
  pages={297--303},
  year={2010},
  publisher={Elsevier}
}

@book{yi2005real,
  title={Real-time generic hospital capacity estimation under emergency situations},
  author={Yi, Pengfei},
  year={2005},
  publisher={State University of New York at Buffalo}
}

@article{yavari2010modeling,
  title={Modeling post-earthquake functionality of regional health care facilities},
  author={Yavari, Soheil and Chang, Stephanie E and Elwood, Kenneth J},
  journal={Earthquake Spectra},
  volume={26},
  number={3},
  pages={869--892},
  year={2010},
  publisher={SAGE Publications Sage UK: London, England}
}

@article{vugrin2015modeling,
  title={Modeling hospitals’ adaptive capacity during a loss of infrastructure services},
  author={Vugrin, Eric D and Verzi, Stephen J and Finley, Patrick D and Turnquist, Mark A and Griffin, Anne R and Ricci, Karen A and Wyte-Lake, Tamar},
  journal={Journal of healthcare engineering},
  volume={6},
  year={2015},
  publisher={Hindawi}
}

@article{chang2010urban,
  title={Urban disaster recovery: a measurement framework and its application to the 1995 Kobe earthquake},
  author={Chang, Stephanie E},
  journal={Disasters},
  volume={34},
  number={2},
  pages={303--327},
  year={2010},
  publisher={Wiley Online Library}
}

@article{brown2015factors,
  title={Factors influencing impacts on and recovery trends of organisations: evidence from the 2010/2011 Canterbury earthquakes},
  author={Brown, Charlotte and Stevenson, Joanne and Giovinazzi, Sonia and Seville, Erica and Vargo, John},
  journal={International Journal of Disaster Risk Reduction},
  volume={14},
  pages={56--72},
  year={2015},
  publisher={Elsevier}
}


@article{padgett2007bridge,
  title={Bridge functionality relationships for improved seismic risk assessment of transportation networks},
  author={Padgett, Jamie E and DesRoches, Reginald},
  journal={Earthquake Spectra},
  volume={23},
  number={1},
  pages={115--130},
  year={2007}
}

@article{karlaftis2007fund,
  title={Fund allocation for transportation network recovery following natural disasters},
  author={Karlaftis, Matthew G and Kepaptsoglou, Konstantinos L and Lambropoulos, Sergios},
  journal={Journal of Urban Planning and Development},
  volume={133},
  number={1},
  pages={82--89},
  year={2007},
  publisher={American Society of Civil Engineers}
}

@article{chang2000transportation,
  title={Transportation performance, disaster vulnerability, and long-term effects of earthquakes},
  author={Chang, Stephanie E},
  journal={Second euroconference on global change and catastrophe risk management},
  year={2000},
  publisher={Citeseer}
}


@article{boarnet1998business,
  title={Business losses, transportation damage and the Northridge Earthquake},
  author={Boarnet, Marlon G},
  journal={Journal of Transportation and Statistics},
  volume={1},
  number={2},
  pages={49--64},
  year={1998},
  publisher={Bureau of Transportation Statistics, US Department of Transportation}
}

@article{xiao2014hazard,
  title={Do hazard mitigation and preparedness reduce physical damage to businesses in disasters? Critical role of business disaster planning},
  author={Xiao, Yu and Peacock, Walter Gillis},
  journal={Natural Hazards Review},
  volume={15},
  number={3},
  pages={04014007},
  year={2014},
  publisher={American Society of Civil Engineers}
}

@article{miles2019community,
  title={Community of practice for modeling disaster recovery},
  author={Miles, Scott B and Burton, Henry V and Kang, Hua},
  journal={Natural Hazards Review},
  volume={20},
  number={1},
  pages={04018023},
  year={2019},
  publisher={American Society of Civil Engineers}
}

@phdthesis{wu2004comparative,
  title={A comparative study of housing reconstruction after two major earthquakes: The 1994 Northridge earthquake in the United States and the 1999 Chi-Chi earthquake in Taiwan},
  author={Wu, Jie Ying},
  year={2004},
  school={Texas A\&M University}
}

@article{kamel2004residential,
  title={{Residential assistance and recovery following the Northridge earthquake}},
  author={Kamel, Nabil MO and Loukaitou-Sideris, Anastasia},
  journal={Urban Studies},
  volume={41},
  number={3},
  pages={533--562},
  year={2004},
  publisher={Sage Publications Sage UK: London, England}
}

@techreport{Nabil2004,
  title={{Residential Recovery from the Northridge Earthquake: An Evaluation of Federal Assistance Programs}},
  author={Loukaitou-Sideris, Anastasia and Kamel, Nabil M.},
  institution = {CALIFORNIA POLICY RESEARCH CENTER},
  year={2004},
  howpublished = "\url{http://pdfwww.china-up.com:8080/international/case/case/905.pdf}",
  note = "[Online; accessed 15-May-2019]"
}

@article{bilau2015framework,
  title={{A framework for managing post-disaster housing reconstruction}},
  author={Bilau, Abdulquadri Ade and Witt, Emlyn and Lill, Irene},
  journal={Procedia Economics and Finance},
  volume={21},
  pages={313--320},
  year={2015},
  publisher={Elsevier}
}

@article{Nejat2016,
author = {Nejat, Ali and Ghosh, Souparno},
doi = {10.1061/(ASCE)NH.1527-6996.0000223.},
issn = {15276988},
journal = {Natural Hazards Review},
keywords = {Housing recovery,Hurricane Sandy,Least absolute shrinkage and selection operator (L},
number = {3},
pages = {1--13},
title = {{LASSO Model of Postdisaster Housing Recovery: Case Study of Hurricane Sandy}},
volume = {17},
year = {2016}
}

@article{Comerio2014,
author = {Comerio, Mary C},
issn = {1936007X},
journal = {Cityscape: A Journal of Policy Development and Research},
number = {2},
pages = {51--68},
title = {{Disaster Recovery and Community Renewal: Housing Approaches}},
volume = {16},
year = {2014}
}

@article{comerio2006estimating,
  title={{Estimating downtime in loss modeling}},
  author={Comerio, Mary C},
  journal={Earthquake Spectra},
  volume={22},
  number={2},
  pages={349--365},
  year={2006}
}

@article{lu2014comparative,
  title={{Comparative study on the key issues of Postearthquake recovery and reconstruction planning: Lessons from the United States, Japan, Iran, and China}},
  author={Lu, Yi and Xu, Jiuping},
  journal={Natural Hazards Review},
  volume={16},
  number={3},
  pages={04014033},
  year={2014},
  publisher={American Society of Civil Engineers}
}

@techreport{BankOfNZ2016,
    author = {Wood, Amy and Now, Ilan and Parker, Miles},
    title = {{The Canterbury rebuild five years on from the Christchurch earthquake}},
    url = {http://www.rbnz.govt.nz/research-and-publications/reserve-bank-bulletin},
    institution = {Bank of New Zealand},
    publisher = {Reserve Bank of New Zealand},
    number = {3},
    urldate = {2018-06-16},
    year={2016}
}

@techreport{REDi,
author = {Almufti, Ibrahim and Willford, Michael},
publisher={Arup},
institution ={Arup},
title = {{REDi Rating System: Resilience Based Earthquake Design Initiative for the Next Generation of Buildings. Version 1.0}},
url = {https://www.arup.com/-/media/arup/files/publications/r/redi_final-version_october-2013-arup-website.pdf},
urldate = {2019-3-19},
year = {2013}
}

@article{nejat2012agent,
  title={{Agent-based modeling of behavioral housing recovery following disasters}},
  author={Nejat, Ali and Damnjanovic, Ivan},
  journal={Computer-Aided Civil and Infrastructure Engineering},
  volume={27},
  number={10},
  pages={748--763},
  year={2012},
  publisher={Wiley Online Library}
}

@article{markhvida2020quantification,
  title={Quantification of disaster impacts through household well-being losses},
  author={Markhvida, Maryia and Walsh, Brian and Hallegatte, Stephane and Baker, Jack},
  journal={Nature Sustainability},
  pages={1--10},
  year={2020},
  publisher={Nature Publishing Group}
}

@article{Burton2018,
author={Burton,Henry V. and Miles,Scott B. and Kang,Hua},
year={2018},
title={Integrating Performance-Based Engineering and Urban Simulation to Model Post-Earthquake Housing Recovery},
journal={Earthquake Spectra},
volume={34},
number={4},
pages={1763-1785},
isbn={8755-2930},
language={English},
}

@book{FEMA-P58,
  title={{Seismic Performance Assessment of Buildings Volume 1 - Methodology}},
  author={{Federal Emergency Management Agency}},
  year={2012},
  publisher={FEMA}
}

@phdthesis{moradi2020recovus,
  title={RecovUS: An Agent-Based Model of Post-Disaster Housing Recovery},
  author={Moradi, Saeed and others},
  school={Texas Tech University},
  year={2020}
}

@article{Miles2011,
author = {Miles, Scott B. and Chang, Stephanie E.},
doi = {10.1559/1523040638136},
journal = {Cartography and Geographic Information Science},
keywords = {disasters,modeling,northridge earthquake,recovery,resilience},
number = {1},
pages = {36--51},
title = {{ResilUS: A Community Based Disaster Resilience Model}},
url = {http://www.tandfonline.com/doi/abs/10.1559/1523040638136},
volume = {38},
year = {2011}
}

@article{costa2019object,
  title={Object-oriented model of the seismic vulnerability of the fuel distribution network in coastal British Columbia},
  author={Costa, Rodrigo and Haukaas, Terje and Chang, Stephanie E and Dowlatabadi, Hadi},
  journal={Reliability Engineering \& System Safety},
  volume={186},
  pages={11--23},
  year={2019},
  publisher={Elsevier}
}

@article{costa2020predicting,
  title={Predicting population displacements after earthquakes},
  author={Costa, Rodrigo and Haukaas, Terje and Chang, Stephanie E},
  journal={Sustainable and Resilient Infrastructure},
  pages={1--19},
  year={2020},
  publisher={Taylor \& Francis}
}

@article{costa2020housing,
  title={Agent-based Model for Post-Earthquake Housing Recovery},
  author={Costa, Rodrigo and Haukaas, Terje and Chang, Stephanie E},
  journal={Earthquake Spectra (in press)},
  year={2020}
}

@phdthesis{Costa2019thesis,
  title={{A Computer Simulation Framework for Assessing Disaster Recovery in Urban Communities}},
  author={Costa, Rodrigo C},
  year={2019},
  school={University of British Columbia}
}

@article{arcidiacono2011software,
  title={A software for measuring disaster community resilience according to the PEOPLES methodology},
  author={Arcidiacono, Vincenzo and Cimellaro, Gian Paolo and Reinhorn, AM},
  journal={Proceedings of COMPDYN},
  pages={26--28},
  year={2011}
}

@techreport{HAZUS-MH2015,
author = {{FEMA}},
pages = {718},
institution = {Federal Emergency Management Agency},
title = {{Hazus–MH 2.1: Technical Manual}},
url = {www.fema.gov/plan/prevent/hazus},
year = {2015}
}

@article{rosenheim2019integration,
  title={Integration of detailed household and housing unit characteristic data with critical infrastructure for post-hazard resilience modeling},
  author={Rosenheim, Nathanael and Guidotti, Roberto and Gardoni, Paolo and Peacock, Walter Gillis},
  journal={Sustainable and Resilient Infrastructure},
  pages={1--17},
  year={2019},
  publisher={Taylor \& Francis}
}


@article{beckman1996creating,
  title={Creating synthetic baseline populations},
  author={Beckman, Richard J and Baggerly, Keith A and McKay, Michael D},
  journal={Transportation Research Part A: Policy and Practice},
  volume={30},
  number={6},
  pages={415--429},
  year={1996},
  publisher={Elsevier}
}

@article{wheaton2009synthesized,
  title={Synthesized population databases: A US geospatial database for agent-based models},
  author={Wheaton, William D and Cajka, James C and Chasteen, Bernadette M and Wagener, Diane K and Cooley, Philip C and Ganapathi, Laxminarayana and Roberts, Douglas J and Allpress, Justine L},
  journal={Methods report (RTI Press)},
  volume={2009},
  number={10},
  pages={905},
  year={2009},
  publisher={NIH Public Access}
}

@article{huynh2016heuristic,
  title={A heuristic combinatorial optimisation approach to synthesising a population for agent-based modelling purposes},
  author={Huynh, Nam N and Barthelemy, Johan and Perez, Pascal},
  year={2016}
}

@article{peacock2014inequities,
  title={Inequities in long-term housing recovery after disasters},
  author={Peacock, Walter Gillis and Van Zandt, Shannon and Zhang, Yang and Highfield, Wesley E},
  journal={Journal of the American Planning Association},
  volume={80},
  number={4},
  pages={356--371},
  year={2014},
  publisher={Taylor \& Francis}
}


@article{zhang2009planning,
  title={{Planning for housing recovery? Lessons learned from Hurricane Andrew}},
  author={Zhang, Yang and Peacock, Walter Gillis},
  journal={Journal of the American Planning Association},
  volume={76},
  number={1},
  pages={5--24},
  year={2009},
  publisher={Taylor \& Francis}
}

@article{Bucovetchi2015,
author = {Bucovetchi, O. and Simion, C. P. and Stanciu, R. D.},
doi = {10.1016/j.protcy.2015.02.092},
issn = {22120173},
journal = {Procedia Technology},
keywords = {Risk assessment,critical infrastructures protection.,electricity critical infrastructure,risk multimodel},
pages = {651--656},
title = {{Object-oriented Modelling Applied to Electricity Critical Infrastructures}},
url = {http://linkinghub.elsevier.com/retrieve/pii/S2212017315000936},
volume = {19},
year = {2015}
}

@article{eusgeld2009role,
  title={{The role of network theory and object-oriented modeling within a framework for the vulnerability analysis of critical infrastructures}},
  author={Eusgeld, Irene and Kroger, Wolfgang and Sansavini, Giovanni and Schlapfer, Markus and Zio, Enrico},
  journal={Reliability Engineering \& System Safety},
  volume={94},
  number={5},
  pages={954--963},
  year={2009},
  publisher={Elsevier}
}

@article{Glass2003,
  title={{Defining research and development directions for modeling and simulation of complex, interdependent adaptive infrastructures}},
  author={Glass, Robert J and Beyeler, Walter E and Conrad, Stephen H and Brodsky, Nancy S and Kaplan, Paul G and Brown, Theresa J},
  journal={Physical Review Letters},
  volume={59},
  number={4},
  pages={381--384},
  year={2003}
}

@article{longman2019using,
  title={Using discrete event simulation to build a housing recovery simulation model for the 2015 Nepal earthquake},
  author={Longman, Meg and Miles, Scott B},
  journal={International Journal of Disaster Risk Reduction},
  volume={35},
  pages={101075},
  year={2019},
  publisher={Elsevier}
}

@inproceedings{huling2015simulating,
  title={{Simulating disaster recovery as discrete event processes using python}},
  author={Huling, Derek and Miles, Scott B},
  booktitle={2015 IEEE Global Humanitarian Technology Conference (GHTC)},
  pages={248--253},
  year={2015},
  organization={IEEE}
}

@misc{InCORE,
    author = {{Center for Risk-based Community Resilience Planning}},
    title = {{IN-CORE (Interdependent Networked Community Resilience Modeling Environment)}},
    howpublished = "\url{http://resilience.colostate.edu/in_core.shtml}",
    note = "[Online; accessed 01-Jul-2019]",
    year={2020}
}


@misc{DESaster,
    author = {Miles, Scott},
    title = {{DESaster, A discrete event disaster recovery simulation, currently focused on housing, built on top of the Simpy discrete event simulation Python library.}},
    howpublished = "\url{https://github.com/milessb/DESaster}",
    note = "[Online; accessed 01-Jul-2019]",
    year={2020}
}

@article{ccaugnan2006post,
  title={Post-earthquake restoration planning for Los Angeles electric power},
  author={{\c{C}}a{\u{g}}nan, Zehra and Davidson, Rachel A and Guikema, Seth D},
  journal={Earthquake Spectra},
  volume={22},
  number={3},
  pages={589--608},
  year={2006}
}

@article{xu2007optimizing,
  title={Optimizing scheduling of post-earthquake electric power restoration tasks},
  author={Xu, Ningxiong and Guikema, Seth D and Davidson, Rachel A and Nozick, Linda K and {\c{C}}a{\u{g}}nan, Zehra and Vaziri, Kabeh},
  journal={Earthquake engineering \& structural dynamics},
  volume={36},
  number={2},
  pages={265--284},
  year={2007},
  publisher={Wiley Online Library}
}

@article{tabucchi2010simulation,
  title={Simulation of post-earthquake water supply system restoration},
  author={Tabucchi, Taronne and Davidson, Rachel and Brink, Susan},
  journal={Civil Engineering and Environmental Systems},
  volume={27},
  number={4},
  pages={263--279},
  year={2010},
  publisher={Taylor \& Francis}
}

@inproceedings{kang2013post,
  title={Post-earthquake restoration of water supply infrastructure},
  author={Kang, Doosun and Lansey, Kevin},
  booktitle={World Environmental and Water Resources Congress 2013: Showcasing the Future},
  pages={913--922},
  year={2013}
}

@phdthesis{mitrani2007ounce,
  title={An ounce of prevention: probabilistic loss estimation for performance-based earthquake engineering},
  author={Mitrani-Reiser, Judith},
  year={2007},
  school={California Institute of Technology}
}

@article{chang2011identifying,
  title={Identifying factors affecting resource availability for post-disaster reconstruction: a case study in China},
  author={Chang, Yan and Wilkinson, Suzanne and Potangaroa, Regan and Seville, Erica},
  journal={Construction Management and Economics},
  volume={29},
  number={1},
  pages={37--48},
  year={2011},
  publisher={Taylor \& Francis}
}


@article{sutley2019integrative,
  title={Integrative Modeling of Housing Recovery as a Physical, Economic, and Social Process},
  author={Sutley, Elaina J and Hamideh, Sara and Dillard, Maria K and Gu, Donghwan and Seong, Kijin and van de Lindt, John W},
  year={2019}
}

@article{sutley2018interdisciplinary,
  title={An interdisciplinary system dynamics model for post-disaster housing recovery},
  author={Sutley, Elaina J and Hamideh, Sara},
  journal={Sustainable and Resilient Infrastructure},
  volume={3},
  number={3},
  pages={109--127},
  year={2018},
  publisher={Taylor \& Francis}
}


%------
@book{bullard2009race,
  title={Race, place, and environmental justice after Hurricane Katrina: Struggles to reclaim, rebuild, and revitalize New Orleans and the Gulf Coast},
  author={Bullard, Robert D and Wright, Beverly},
  year={2009},
  publisher={PERSEUS BOOKS}
}

@article{fussell2010race,
  title={Race, socioeconomic status, and return migration to New Orleans after Hurricane Katrina},
  author={Fussell, Elizabeth and Sastry, Narayan and VanLandingham, Mark},
  journal={Population and environment},
  volume={31},
  number={1-3},
  pages={20--42},
  year={2010},
  publisher={Springer}
}

@article{nejat2019anchors,
  title={Anchors of social network awareness index: A key to modeling postdisaster housing recovery},
  author={Nejat, Ali and Moradi, Saeed and Ghosh, Souparno},
  journal={Journal of Infrastructure Systems},
  volume={25},
  number={2},
  pages={04019004},
  year={2019},
  publisher={American Society of Civil Engineers}
}

@article{Olshansky2006,
author = {Olshansky, Robert B.},
journal = {Journal of the American Planning Association},
number = {2},
pages = {147--153},
title = {{Planning After Hurricane Katrina}},
url = {http://www.tandfonline.com/doi/abs/10.1080/01944360608976735},
volume = {72},
year = {2006}
}

@article{di2017reconstruction1,
  title={Reconstruction process of damaged residential buildings outside historical centres after the L’Aquila earthquake: part I—" light damage" reconstruction},
  author={Di Ludovico, Marco and Prota, Andrea and Moroni, Claudio and Manfredi, Gaetano and Dolce, Mauro},
  journal={Bulletin of Earthquake Engineering},
  volume={15},
  number={2},
  pages={667--692},
  year={2017},
  publisher={Springer}
}

@article{di2017reconstruction2,
  title={Reconstruction process of damaged residential buildings outside historical centres after the L’Aquila earthquake: part II—“heavy damage” reconstruction},
  author={Di Ludovico, Marco and Prota, Andrea and Moroni, Claudio and Manfredi, Gaetano and Dolce, Mauro},
  journal={Bulletin of Earthquake Engineering},
  volume={15},
  number={2},
  pages={693--729},
  year={2017},
  publisher={Springer}
}

@book{comerio2013housing,
  title={Housing recovery in Chile: A qualitative mid-program review},
  author={Comerio, Mary C},
  year={2013},
  publisher={Pacific Earthquake Engineering Research Center}
}

@book{ranghieri2014learning,
  title={Learning from megadisasters: lessons from the Great East Japan Earthquake},
  author={Ranghieri, Federica and Ishiwatari, Mikio},
  publisher={The World Bank},
  howpublished = "\url{https://www.gfdrr.org/sites/default/files/publication/Learning\%20from\%20Megadisasters\%20\%20Lessons\%20from\%20the\%20Great\%20East\%20Japan\%20Earthquake.pdf}",
  note = "[Online; accessed 15-May-2019]",
  year={2014}
}

@article{bolin1985disasters,
  title={Disasters and long-term recovery policy: a focus on housing and families},
  author={Bolin, Robert},
  journal={Review of Policy Research},
  volume={4},
  number={4},
  pages={709--715},
  year={1985},
  publisher={Wiley Online Library}
}

@inproceedings{lee2019quantitative,
  title={Quantitative Impact of Catastrophe Risk Insurance on Community Resilience},
  author={Lee, Ji Yun and Zhao, Jie and Li, Yue and Yin, Yue-Jun},
  booktitle={13th International Conference on Applications of Statistics and Probability in Civil Engineering},
  eventdate = {2019-05-26/2019-05-30},
  venue  = {Seoul, South Korea},
  year={2019}
}

@article{masoomi2018community,
  title={Community-Resilience-Based Design of the Built Environment},
  author={Masoomi, Hassan and van de Lindt, John W},
  journal={ASCE-ASME Journal of Risk and Uncertainty in Engineering Systems, Part A: Civil Engineering},
  volume={5},
  number={1},
  pages={04018044},
  year={2018},
  publisher={American Society of Civil Engineers}
}

@article{ellingwood2018performance,
  title={Performance-based engineering to achieve community resilience},
  author={Ellingwood, Bruce R and Wang, Naiyu and Harris, James Robert and McAllister, Therese P},
  journal={Routledge Handbook of Sustainable and Resilient Infrastructure},
  pages={94--112},
  year={2018},
  publisher={Routledge}
}

@article{bilau2018practice,
  title={Practice Framework for the Management of Post-Disaster Housing Reconstruction Programmes},
  author={Bilau, Abdulquadri and Witt, Emlyn and Lill, Irene},
  journal={Sustainability},
  volume={10},
  number={11},
  pages={3929},
  year={2018},
  publisher={Multidisciplinary Digital Publishing Institute}
}

@article{Sutley2017a,
author = {Sutley, Elaina J and Peek, Lori and van de Lindt, John W},
journal = {Natural Hazards Review},
number = {3},
pages = {4016014},
title = {{Community-Level Framework for Seismic Resilience. I: Coupling Socioeconomic Characteristics and Engineering Building Systems}},
url = {},
volume = {18},
year = {2017}
}

@article{davidson2015integrating,
  title={Integrating disciplinary contributions to achieve community resilience to natural disasters},
  author={Davidson, Rachel A},
  journal={Civil Engineering and Environmental Systems},
  volume={32},
  number={1-2},
  pages={55--67},
  year={2015},
  publisher={Taylor \& Francis}
}


@article{bolin1983recovery,
  title={Recovery in Nicaragua and the USA},
  author={Bolin, Robert C and Bolton, Patricia},
  journal={International Journal of Mass Emergencies and Disasters},
  volume={1},
  number={1},
  pages={125--144},
  year={1983},
  publisher={International Library/Librairie internationale}
}

@article{hamideh2018housing,
  title={Housing recovery after disasters: Primary versus seasonal/vacation housing markets in coastal communities},
  author={Hamideh, Sara and Peacock, Walter G and Van Zandt, Shannon},
  journal={Natural Hazards Review},
  year={2018}
}

@article{nejat2018demographics,
  title={Demographics and the Dynamics of Recovery: A Latent Class Analysis of Disaster Recovery Priorities after the 2013 Moore, Oklahoma Tornado.},
  author={Nejat, Ali and Brokopp Binder, Sherri and Greer, Alex and Jamali, Mehdi},
  journal={International Journal of Mass Emergencies \& Disasters},
  volume={36},
  number={1},
  year={2018}
}

@inproceedings{guidotti2017multi,
  title={Multi-layer heterogeneous network model for interdependent infrastructure systems},
  author={Guidotti, R and Gardoni, P and Chen, Y},
  booktitle={Proceedings of the 12th International Conference on Structural Safety \& Reliability (ICOSSAR 2017)},
  year={2017},
  organization={TU Wien Vienna, Austria}
}

@article{o2000seismic,
  title={{Seismic fragility curves for on-grade steel tanks}},
  author={O'Rourke, Michael J and So, Pak},
  journal={Earthquake spectra},
  volume={16},
  number={4},
  pages={801--815},
  year={2000}
}

@book{eidinger2012recent,
  title={{Recent earthquakes: implications for US water utilities}},
  author={Eidinger, John and Davis, Craig A},
  year={2012},
  publisher={Water Research Foundation}
}

@book{cooper1997study,
  title={{A study of the performance of petroleum storage tanks during earthquakes, 1933-1995}},
  author={Cooper, Thomas W and Cooper, Thomas W},
  year={1997},
  publisher={US National Institute of Standards and Technology USA}
}

@article{Hines2010a,
author = {Hines, P. and Cotilla-Sanchez, E. and Blumsack, S.},
eprint = {1002.2268},
issn = {10541500},
journal = {Chaos},
number = {3},
pages = {1--11},
pmid = {20887062},
title = {{Do topological models provide good information about electricity infrastructure vulnerability?}},
volume = {20},
year = {2010}
}

@article{burton2015validation,
  title={A validation of metrics for community resilience to natural hazards and disasters using the recovery from Hurricane Katrina as a case study},
  author={Burton, Christopher G},
  journal={Annals of the Association of American Geographers},
  volume={105},
  number={1},
  pages={67--86},
  year={2015},
  publisher={Taylor \& Francis}
}

@article{nejat2018perceived,
  title={Perceived neighborhood boundaries: A missing link in modeling post-disaster housing recovery},
  author={Nejat, Ali},
  journal={International journal of disaster risk reduction},
  volume={28},
  pages={225--236},
  year={2018},
  publisher={Elsevier}
}

@article{hwang2015postdisaster,
  title={Postdisaster interdependent built environment recovery efforts and the effects of governmental plans: Case analysis using system dynamics},
  author={Hwang, Sungjoo and Park, Moonseo and Lee, Hyun-Soo and Lee, SangHyun and Kim, Hyunsoo},
  journal={Journal of construction engineering and management},
  volume={141},
  number={3},
  pages={04014081},
  year={2015},
  publisher={American Society of Civil Engineers}
}

@article{grinberger2014bouncing,
  title={Bouncing back or bouncing forward? Simulating urban resilience},
  author={Grinberger, A Yair and Felsenstein, Daniel},
  journal={Proceedings of the Institution of Civil Engineers-Urban Design and Planning},
  volume={167},
  number={3},
  pages={115--124},
  year={2014},
  publisher={Thomas Telford Ltd}
}

@article{diaz2015housing,
  title={{Housing recovery in the aftermath of a catastrophe: Material resources Perspective}},
  author={Diaz, Rafael and Kumar, Sameer and Behr, Joshua},
  journal={Computers \& Industrial Engineering},
  volume={81},
  pages={130--139},
  year={2015},
  publisher={Elsevier}
}

@article{boiser2011skills,
  title={Skills availability for housing repair and reconstruction in Christchurch},
  author={Boiser, Andresito and Wilkinson, A and Yan Chang, A},
  journal={The University of Auckland},
  year={2011},
  publisher={Citeseer}
}

@article{wang2015influencing,
  title={Influencing factors of households disadvantaged in post-earthquake life recovery: a case study of the Wenchuan earthquake in China},
  author={Wang, Ying and Zou, Zhenhua and Li, Juan},
  journal={Natural Hazards},
  volume={75},
  number={2},
  pages={1853--1869},
  year={2015},
  publisher={Springer}
}

@inproceedings{chang2014housing,
  title={{Housing the workforce following the Canterbury earthquakes in New Zealand}},
  author={Chang-Richards, Yan and Wilkinson, Suzanne J and Seville, Erica and Brundson, David},
  year={2014},
  booktitle={10th International Conference of the International Institute for Infrastructure Resilience and Reconstruction},
}

@article{bothara2016challenges,
  title={The Challenges of Housing Reconstruction after the April 2015 Gorkha, Nepal Earthquake},
  author={Bothara, Jitendra K and Dhakal, RP and Dizhur, D and Ingham, JM},
  journal={Technical Journal of Nepal Engineers' Association, Special Issue on Gorkha Earthquake 2015, XLIII-EC30},
  volume={1},
  pages={121--134},
  year={2016}
}

@article{ngo2001disasters,
  title={When disasters and age collide: Reviewing vulnerability of the elderly},
  author={Ngo, Ehren B},
  journal={Natural Hazards Review},
  volume={2},
  number={2},
  pages={80--89},
  year={2001},
  publisher={American Society of Civil Engineers}
}

@article{sanders2004chapter,
  title={Chapter 2 lessons learned on forced relocation of older adults: The impact of Hurricane Andrew on health, mental health, and social support of public housing residents},
  author={Sanders, Sara and Bowie, Stan L and Bowie, Yvonne Dias},
  journal={Journal of Gerontological Social Work},
  volume={40},
  number={4},
  pages={23--35},
  year={2004},
  publisher={Taylor \& Francis}
}

@article{henderson2010older,
  title={Older adults’ responses to Hurricane Katrina: Daily hassles and coping strategies},
  author={Henderson, Tammy L and Roberto, Karen A and Kamo, Yoshinori},
  journal={Journal of Applied Gerontology},
  volume={29},
  number={1},
  pages={48--69},
  year={2010},
  publisher={Sage Publications}
}

@article{sadri2018role,
  title={The role of social capital, personal networks, and emergency responders in post-disaster recovery and resilience: a study of rural communities in Indiana},
  author={Sadri, Arif Mohaimin and Ukkusuri, Satish V and Lee, Seungyoon and Clawson, Rosalee and Aldrich, Daniel and Nelson, Megan Sapp and Seipel, Justin and Kelly, Daniel},
  journal={Natural hazards},
  volume={90},
  number={3},
  pages={1377--1406},
  year={2018},
  publisher={Springer}
}

@article{mayer2020drivers,
  title={Drivers of post-disaster relocations: The case of Moore and Hattiesburg tornados},
  author={Mayer, Joshua and Moradi, Saeed and Nejat, Ali and Ghosh, Souparno and Cong, Zhen and Liang, Daan},
  journal={International Journal of Disaster Risk Reduction},
  pages={101643},
  year={2020},
  publisher={Elsevier}
}

@techreport{Smythe2013,
author = {Smythe, T. C.},
institution = {University of Colorado Natural Hazards Center},
pages = {1--22},
title = {{Assessing the Impacts of Hurricane Sandy on the Port of New York and New Jersey's Maritime Responders and Response Infrastructure}},
year = {2013}
}

@article{Holguin-Veras2014,
author = {Holguin-Veras, J. and Taniguchi, E. and  Jaller, M. and Aros-Vera, F. and   Ferreira, F. and  Thompson, R. G.},
doi = {10.1016/j.tra.2014.08.003},
issn = {09658564},
journal = {Transportation Research Part A: Policy and Practice},
keywords = {Disaster fieldwork,Disaster policy,Humanitarian logistics,Tohoku disaster},
pages = {86--104},
title = {{The Tohoku disasters: Chief lessons concerning the post disaster humanitarian logistics response and policy implications}},
volume = {69},
year = {2014}
}

@misc{Macneil2015,
author = {Macneil, A. and Keefe, D. J.},
number = {December},
url = {https://novascotia.ca/dma/documents/NovaScotiaFuelShortage.pdf},
title = {{The Nova Scotia Fuel Shortage: Report of the Independent Review Panel}},
year = {2015}
}


@article{italie2012nyu,
  title={NYU hospital evacuation: hurricane sandy power failure moves more than 200 patients},
  author={Italie, Leanne and Marchione, Marilynn},
  journal={Huffington Post, available at: http://www. huffingtonpost. com/2012/10/30/nyu-hospital-evacuation-hurricane-sandy \_n\_2044026. html (accessed 24 June 2013 2013)},
  year={2012}
}

@article{kirsch2010impact,
  title={Impact on hospital functions following the 2010 Chilean earthquake},
  author={Kirsch, Thomas D and Mitrani-Reiser, Judith and Bissell, Richard and Sauer, Lauren M and Mahoney, Michael and Holmes, William T and Santa Cruz, Nicol{\'a}s and De La Maza, Francisco},
  journal={Disaster medicine and public health preparedness},
  volume={4},
  number={2},
  pages={122--128},
  year={2010},
  publisher={Cambridge University Press}
}


@article{uzarski2001chi,
  title={Chi-Chi, Taiwan, earthquake of September 21, 1999, reconnaissance report},
  author={Uzarski, Joe and Arnold, Christopher},
  journal={Earthquake Spectra},
  volume={17},
  year={2001}
}

@incollection{shinozuka1995hanshin,
  title={The Hanshin-Awaji earthquake of January 17, 1995 performance of lifelines},
  author={Shinozuka, Masanobu},
  booktitle={Technical Report NCEER},
  volume={95},
  year={1995},
  publisher={US National Center for Earthquake Engineering Research (NCEER)}
}

@article{peters1996hospitals,
  title={Hospitals respond to water loss during the Midwest floods of 1993: preparedness and improvisation},
  author={Peters, Michael S},
  journal={The Journal of emergency medicine},
  volume={14},
  number={3},
  pages={345--350},
  year={1996},
  publisher={Elsevier}
}

@article{Chand2015,
author = {Chand, Anumitra Mirti and Loosemore, Martin},
doi = {10.1080/01446193.2016.1165856},
issn = {0144-6193},
journal = {Construction Management and Economics},
keywords = {adaptation,disaster management planning,extreme weather events,hospitals,socio-ecological},
number = {11-12},
pages = {907--920},
publisher = {Routledge},
title = {{A socio-ecological analysis of hospital resilience to extreme weather events}},
url = {http://www.tandfonline.com/doi/full/10.1080/01446193.2016.1165856},
volume = {33},
year = {2015}
}

@article{Achour2014,
author = {Achour, Nebil and Miyajima, Masakatsu and Pascale, Federica and {D.F. Price}, Andrew},
doi = {10.1108/DPM-03-2013-0057},
issn = {0965-3562},
journal = {Disaster Prevention and Management: An International Journal},
keywords = {Earthquake,Healthcare facility,Japan,Natural hazar},
number = {1},
pages = {40--52},
title = {{Hospital resilience to natural hazards: classification and performance of utilities}},
url = {http://www.emeraldinsight.com/doi/10.1108/DPM-03-2013-0057},
volume = {23},
year = {2014}
}

@article{Hiete2011,
author = {Hiete, Michael and Merz, Mirjam and Schultmann, Frank},
doi = {10.1108/17595901111167105},
journal = {International Journal of Disaster Resilience in the Built Environment},
keywords = {Electric power systems,Germany,Health care,Power b},
number = {3},
pages = {222--244},
title = {{Scenario‐based impact analysis of a power outage on healthcare facilities in Germany}},
url = {http://www.emeraldinsight.com/doi/10.1108/17595901111167105},
volume = {2},
year = {2011}
}

@article{McDaniels2008,
author = {McDaniels, Timothy and Chang, Stephanie and Cole, Darren and Mikawoz, Joseph and Longstaff, Holly},
doi = {10.1016/j.gloenvcha.2008.03.001},
isbn = {09593780},
issn = {09593780},
journal = {Global Environmental Change},
keywords = {Extreme events,Hospitals,Infrastructure systems,Resilience,Robustness and rapidity},
number = {2},
pages = {310--318},
title = {{Fostering resilience to extreme events within infrastructure systems: Characterizing decision contexts for mitigation and adaptation}},
volume = {18},
year = {2008}
}

@article{Cimellaro2016,
author = {Cimellaro, G. P. and Pique, M.},
doi = {10.1177/1369433216630441},
isbn = {1369-4332},
issn = {1369-4332},
journal = {Advances in Structural Engineering},
keywords = {discrete event model,emergency department,health care facility,hospital resilience,metamodel},
number = {5},
pages = {825--836},
title = {{Resilience of a hospital Emergency Department under seismic event}},
url = {http://ase.sagepub.com/lookup/doi/10.1177/1369433216630441},
volume = {19},
year = {2016}
}

@article{Zhong2015,
author = {Zhong, Shuang and Clark, Michele and Hou, Xiang-Yu and Zang, Yuli and FitzGerald, Gerard},
doi = {10.1177/1355819614561537},
isbn = {1355-8196},
issn = {1355-8196},
journal = {Journal of Health Services Research {\&} Policy},
keywords = {delphi method,disaster management,evaluation framework,hospital resilience,indicators},
number = {2},
pages = {74--82},
pmid = {25504827},
title = {{Development of key indicators of hospital resilience: a modified Delphi study}},
url = {http://journals.sagepub.com/doi/10.1177/1355819614561537},
volume = {20},
year = {2015}
}

@article{rinaldi2001identifying,
  title={Identifying, understanding, and analyzing critical infrastructure interdependencies},
  author={Rinaldi, Steven M and Peerenboom, James P and Kelly, Terrence K},
  journal={IEEE control systems magazine},
  volume={21},
  number={6},
  pages={11--25},
  year={2001},
  publisher={IEEE}
}

@article{Eusgeld2008a,
author = {Eusgeld, Irene and Kroger, Wolfgang},
isbn = {9781622765775},
journal = {9th International Conference on Probabilistic Safety Assessment and Management 2008, PSAM 2008},
keywords = {Complex systems modeling,Critical infrastructures,Interdependencies},
number = {August},
pages = {484--491},
title = {{Comparative evaluation of modeling and simulation techniques for interdependent critical infrastructures}},
volume = {1},
year = {2008}
}

@article{cimellaro2016resilience,
  title={Resilience of critical structures, infrastructure, and communities},
  author={Cimellaro, GP and Zamani-Noori, A and Kammouh, O and Terzic, V and Mahin, SA},
  journal={Berkeley, California: Pacific Earthquake Engineering Research Center (PEER)},
  year={2016}
}

@article{jacques2014resilience,
  title={Resilience of the Canterbury hospital system to the 2011 Christchurch earthquake},
  author={Jacques, Caitlin C and McIntosh, Jason and Giovinazzi, Sonia and Kirsch, Thomas D and Wilson, Thomas and Mitrani-Reiser, Judith},
  journal={Earthquake Spectra},
  volume={30},
  number={1},
  pages={533--554},
  year={2014},
  publisher={SAGE Publications Sage UK: London, England}
}

@article{Ouyang2014a,
author = {Ouyang, M.},
issn = {09518320},
journal = {Reliability Engineering and System Safety},
keywords = {Agent,Critical infrastructure systems (CISs),Economic theory,Empirical approach,Interdependencies,Network,Resilience,System dynamics},
pages = {43--60},
publisher = {Elsevier},
title = {{Review on modeling and simulation of interdependent critical infrastructure systems}},
volume = {121},
year = {2014}
}


@article{vieth2006effect,
  title={The effect of crowding on access and quality in an academic ED},
  author={Vieth, Teri L and Rhodes, Karin V},
  journal={The American journal of emergency medicine},
  volume={24},
  number={7},
  pages={787--794},
  year={2006},
  publisher={Elsevier}
}

@article{hamby2004using,
  title={Using patient waiting-time data to improve the hospital bed-assignment process},
  author={Hamby, Leigh and Fraser, Sarah W},
  journal={The Joint Commission Journal on Quality and Safety},
  volume={30},
  number={1},
  pages={42--46},
  year={2004},
  publisher={Elsevier}
}

@article{cimellaro2010seismic,
  title={Seismic resilience of a hospital system},
  author={Cimellaro, Gian Paolo and Reinhorn, Andrei M and Bruneau, Michel},
  journal={Structure and Infrastructure Engineering},
  volume={6},
  number={1-2},
  pages={127--144},
  year={2010},
  publisher={Taylor \& Francis}
}

@article{barrera2017assessment,
  title={Assessment of the loss of functionality of individual rooms in critical facilities after earthquakes},
  author={Barrera, Maria Jose and Przelazloski, Karol and Filiatrault, Andre and Sullivan, Timothy J and Christovasilis, Ioannis P},
  journal={Bulletin of earthquake engineering},
  volume={15},
  number={3},
  pages={1135--1159},
  year={2017},
  publisher={Springer}
}

@incollection{helbing2006disasters,
  title={Disasters as extreme events and the importance of network interactions for disaster response management},
  author={Helbing, Dirk and Ammoser, Hendrik and K{\"u}hnert, Christian},
  booktitle={Extreme events in nature and society},
  pages={319--348},
  year={2006},
  publisher={Springer}
}

@article{hardin2009tragedy,
  title={The tragedy of the commons},
  author={Hardin, Garrett},
  journal={Journal of Natural Resources Policy Research},
  volume={1},
  number={3},
  pages={243--253},
  year={2009},
  publisher={Taylor \& Francis}
}

@article{hallsworth2000urban,
  title={Urban hysteria \& panic in the streets--the British fuel blockade September 2000--a social interpretation},
  author={Hallsworth, Alan and Tolley, Rodney},
  journal={Editorial board},
  volume={6},
  number={3},
  pages={5--10},
  year={2000}
}

@phdthesis{Shen_2017, series={Electronic Theses and Dissertations (ETDs) 2008+}, title={Development of a hybrid simulation model for understanding community resilience to fuel disruption}, url={https://open.library.ubc.ca/collections/ubctheses/24/items/1.0357249}, DOI={http://dx.doi.org/10.14288/1.0357249}, school={University of British Columbia}, author={Shen, Xuesi}, year={2017}, collection={Electronic Theses and Dissertations (ETDs) 2008+}}

@article{kick2011repetitive,
  title={Repetitive flood victims and acceptance of FEMA mitigation offers: an analysis with community--system policy implications},
  author={Kick, Edward L and Fraser, James C and Fulkerson, Gregory M and McKinney, Laura A and De Vries, Daniel H},
  journal={Disasters},
  volume={35},
  number={3},
  pages={510--539},
  year={2011},
  publisher={Wiley Online Library}
}

@article{binder2015rebuild,
  title={Rebuild or relocate? Resilience and postdisaster decision-making after Hurricane Sandy},
  author={Binder, Sherri Brokopp and Baker, Charlene K and Barile, John P},
  journal={American journal of community psychology},
  volume={56},
  number={1-2},
  pages={180--196},
  year={2015},
  publisher={Springer}
}

@article{myers2008social,
  title={Social vulnerability and migration in the wake of disaster: the case of Hurricanes Katrina and Rita},
  author={Myers, Candice A and Slack, Tim and Singelmann, Joachim},
  journal={Population and Environment},
  volume={29},
  number={6},
  pages={271--291},
  year={2008},
  publisher={Springer}
}

@techreport{mcneil2015household,
  title={Household Residential Decision-making in the Wake of Disaster: Report of Results Prepared for Sea Bright Residents},
  author={McNeil, Sue and Mininger, Kelsey and Greer, Alex and Trainor, Joseph},
  year={2015},
  institution={Disaster Research Center}
}

@article{airriess2008church,
  title={Church-based social capital, networks and geographical scale: Katrina evacuation, relocation, and recovery in a New Orleans Vietnamese American community},
  author={Airriess, Christopher A and Li, Wei and Leong, Karen J and Chen, Angela Chia-Chen and Keith, Verna M},
  journal={Geoforum},
  volume={39},
  number={3},
  pages={1333--1346},
  year={2008},
  publisher={Elsevier}
}

@article{aldrich2010fixing,
  title={Fixing recovery: Social capital in post-crisis resilience},
  author={Aldrich, Daniel P},
  journal={Journal of Homeland Security, Forthcoming},
  year={2010}
}

@article{aldrich2011power,
  title={The power of people: social capital’s role in recovery from the 1995 Kobe earthquake},
  author={Aldrich, Daniel P},
  journal={Natural hazards},
  volume={56},
  number={3},
  pages={595--611},
  year={2011},
  publisher={Springer}
}

@book{aldrich2012building,
  title={Building resilience: Social capital in post-disaster recovery},
  author={Aldrich, Daniel P},
  year={2012},
  publisher={University of Chicago Press}
}

@article{li2010katrina,
  title={Katrina and migration: Evacuation and return by African Americans and Vietnamese Americans in an eastern New Orleans suburb},
  author={Li, Wei and Airriess, Christopher A and Chen, Angela Chia-Chen and Leong, Karen J and Keith, Verna},
  journal={The professional geographer},
  volume={62},
  number={1},
  pages={103--118},
  year={2010},
  publisher={Taylor \& Francis}
}

@article{chamlee2009there,
  title={“There’s no place like New Orleans”: sense of place and community recovery in the Ninth Ward after Hurricane Katrina},
  author={Chamlee-Wright, Emily and Storr, Virgil Henry},
  journal={Journal of Urban Affairs},
  volume={31},
  number={5},
  pages={615--634},
  year={2009},
  publisher={Taylor \& Francis}
}

@article{cutter2010disaster,
  title={Disaster resilience indicators for benchmarking baseline conditions},
  author={Cutter, Susan L and Burton, Christopher G and Emrich, Christopher T},
  journal={Journal of homeland security and emergency management},
  volume={7},
  number={1},
  year={2010},
  publisher={De Gruyter}
}

@article{reid2015making,
  title={Making the landscape “home”: Narratives of bushfire and place in Australia},
  author={Reid, Karen and Beilin, Ruth},
  journal={Geoforum},
  volume={58},
  pages={95--103},
  year={2015},
  publisher={Elsevier}
}

@article{dacy1969economics,
  title={economics of natural disasters; implications for Federal policy},
  author={Dacy, Douglas C and Kunreuther, Howard},
  year={1969},
  publisher={Free Press}
}

@book{rust2006financial,
  title={The financial services roundtable blue ribbon commission on Mega-Catastrophes: A call to action},
  author={Rust, Edward B and Killinger, Kerry},
  year={2006},
  publisher={Financial Services Roundtable}
}

@article{miles2011resilus,
  title={ResilUS: A community based disaster resilience model},
  author={Miles, Scott B and Chang, Stephanie E},
  journal={Cartography and Geographic Information Science},
  volume={38},
  number={1},
  pages={36--51},
  year={2011},
  publisher={Taylor \& Francis}
}

@article{comerio2014disaster,
  title={Disaster recovery and community renewal: Housing approaches},
  author={Comerio, Mary C},
  journal={Cityscape},
  volume={16},
  number={2},
  pages={51--68},
  year={2014},
  publisher={JSTOR}
}


@article{comerio2014disaster,
  title={Disaster recovery and community renewal: Housing approaches},
  author={Comerio, Mary C},
  journal={Cityscape},
  volume={16},
  number={2},
  pages={51--68},
  year={2014},
  publisher={JSTOR}
}

@article{deshmukh2012framework,
  title={A Framework for Enhancing Resilience of Community by Expediting Post Disaster Recovery},
  author={Deshmukh, Abhijeet and Hastak, Makarand},
  journal={International Institute for Infrastructure Resilience and Reconstruction (I3R2). Kumamoto, Japan},
  pages={1--9},
  year={2012}
}

@techreport{miles2003urban,
  title={{Urban disaster recovery: A framework and simulation model}},
  author={Miles, Scott B and Chang, Stephanie E},
  number ={MCEER-03-0005},
  institution = {Multi-disciplinary Center for Earthquaker Engineering Research},
  year={2003}
}

@article{Miles2006,
author = {Miles, Scott B. and Chang, Stephanie E.},
doi = {10.1193/1.2192847},
file = {:C$\backslash$:/Users/rccos/AppData/Local/Mendeley Ltd./Mendeley Desktop/Downloaded/Miles, Chang - 2006 - Modeling community recovery from earthquakes.pdf:pdf},
isbn = {8755-2930},
issn = {87552930},
journal = {Earthquake Spectra},
number = {2},
pages = {439--458},
title = {{Modeling community recovery from earthquakes}},
volume = {22},
year = {2006}
}

@article{webb2000businesses,
  title={Businesses and disasters: Empirical patterns and unanswered questions},
  author={Webb, Gary R and Tierney, Kathleen J and Dahlhamer, James M},
  journal={Natural Hazards Review},
  volume={1},
  number={2},
  pages={83--90},
  year={2000},
  publisher={American Society of Civil Engineers}
}

@article{aghababaei2020quantifying,
  title={Quantifying post-disaster business recovery through Bayesian methods},
  author={Aghababaei, Mohammad and Koliou, Maria and Watson, Maria and Xiao, Yu},
  journal={Structure and Infrastructure Engineering},
  pages={1--19},
  year={2020},
  publisher={Taylor \& Francis}
}

@article{dahlhamer1998rebounding,
  title={Rebounding from disruptive events: business recovery following the Northridge earthquake},
  author={Dahlhamer, James M and Tierney, Kathleen J},
  journal={Sociological spectrum},
  volume={18},
  number={2},
  pages={121--141},
  year={1998},
  publisher={Taylor \& Francis}
}

@article{morrish2020post,
  title={Post-disaster business recovery: An entrepreneurial marketing perspective},
  author={Morrish, Sussie C and Jones, Rosalind},
  journal={Journal of Business Research},
  volume={113},
  pages={83--92},
  year={2020},
  publisher={Elsevier}
}

@article{marshall2015predicting,
  title={Predicting small business demise after a natural disaster: an analysis of pre-existing conditions},
  author={Marshall, Maria I and Niehm, Linda S and Sydnor, Sandra B and Schrank, Holly L},
  journal={Natural Hazards},
  volume={79},
  number={1},
  pages={331--354},
  year={2015},
  publisher={Springer}
}

@book{friedman2001elements,
  title={The elements of statistical learning},
  author={Friedman, Jerome and Hastie, Trevor and Tibshirani, Robert},
  volume={1},
  number={10},
  year={2001},
  publisher={Springer series in statistics New York}
}

@book{national2019building,
  title={Building and Measuring Community Resilience: Actions for Communities and the Gulf Research Program},
  author={{National Academies of Sciences, Engineering, and Medicine and others}},
  year={2019},
  publisher={National Academies Press}
}

@article{kwasinski2016conceptual,
  title={A conceptual framework for assessing resilience at the community scale},
  author={Kwasinski, Alexis and Trainor, Joseph and Wolshon, Brian and Lavelle, Francis M},
  journal={Gaithersburg, MD: National Institute of Standards and Technology},
  pages={16--001},
  year={2016}
}

@article{watson2020importance,
  title={Importance of Households in Business Disaster Recovery},
  author={Watson, Maria and Xiao, Yu and Helgeson, Jennifer and Dillard, Maria},
  journal={Natural Hazards Review},
  volume={21},
  number={4},
  pages={05020008},
  year={2020},
  publisher={American Society of Civil Engineers}
}

@article{morrish2011entrepreneurial,
  title={Entrepreneurial marketing: a strategy for the twenty-first century?},
  author={Morrish, Sussie and Morrish, Sussie C},
  journal={Journal of Research in Marketing and Entrepreneurship},
  year={2011},
  publisher={Emerald Group Publishing Limited}
}

@article{Ellingwood2016,
author = {Ellingwood, Bruce R. and Cutler, Harvey and Gardoni, Paolo and Peacock, Walter Gillis and van de Lindt, John W. and Wang, Naiyu},
doi = {10.1080/23789689.2016.1255000},
journal = {Sustainable and Resilient Infrastructure},
keywords = {Civil infrastructure,life cycle engineering,natural hazards,resilience,risk-informed decision},
number = {3-4},
pages = {95--107},
publisher = {Taylor {\&} Francis},
title = {{The Centerville Virtual Community: a fully integrated decision model of interacting physical and social infrastructure systems}},
url = {https://www.tandfonline.com/doi/full/10.1080/23789689.2016.1255000},
volume = {1},
year = {2016}
}


@misc{DHS_CI,
    author = {{DHS}},
    title = {{Department of Homeland Security: Critical Infrastructure Sectors}},
    howpublished = "\url{https://www.cisa.gov/critical-infrastructure-sectors}",
    note = "[Online; accessed 15-Aug-2020]",
    year={2020}
}

@InCollection{sep-bounded-rationality,
	author       =	{Wheeler, Gregory},
	title        =	{Bounded Rationality},
	booktitle    =	{The Stanford Encyclopedia of Philosophy},
	editor       =	{Edward N. Zalta},
	howpublished =	{\url{https://plato.stanford.edu/archives/spr2020/entries/bounded-rationality/}},
	year         =	{2020},
	edition      =	{Spring 2020},
	publisher    =	{Metaphysics Research Lab, Stanford University}
}


@article{kirov2015software,
  title={Software Architecture for Rapid Development of HLA-Integrated Simulations for Critical Infrastructure Elements under Natural Disasters},
  author={Kirov, G and Zlateva, P and Velev, D},
  journal={International Journal of Innovation, Management and Technology},
  volume={6},
  number={4},
  pages={244},
  year={2015},
  publisher={IACSIT Press}
}

@article{cutter2013disaster,
  title={Disaster resilience: A national imperative},
  author={Cutter, Susan L and Ahearn, Joseph A and Amadei, Bernard and Crawford, Patrick and Eide, Elizabeth A and Galloway, Gerald E and Goodchild, Michael F and Kunreuther, Howard C and Li-Vollmer, Meredith and Schoch-Spana, Monica and others},
  journal={Environment: Science and Policy for Sustainable Development},
  volume={55},
  number={2},
  pages={25--29},
  year={2013},
  publisher={Taylor \& Francis}
}

@article{kang2018replicating,
  title={Replicating the recovery following the 2014 South Napa earthquake using stochastic process models},
  author={Kang, Hua and Burton, Henry V and Miao, Haoxiang},
  journal={Earthquake Spectra},
  volume={34},
  number={3},
  pages={1247--1266},
  year={2018},
  publisher={SAGE Publications Sage UK: London, England}
}

@article{tomar2020hindcasting,
  title={Hindcasting the Functional Loss and Restoration of the Napa Water System Following the 2014 Earthquake Using Discrete-Event Simulation},
  author={Tomar, Agam and Burton, Henry V and Mosleh, Ali and Yun Lee, Ji},
  journal={Journal of Infrastructure Systems},
  volume={26},
  number={4},
  pages={04020035},
  year={2020},
  publisher={American Society of Civil Engineers}
}