@misc{unknown-a,
  title = {TODO: These are the references that need to be added to the references.bib file}
}
@article{abbot2014a,
  author = {Abbot, J. and Marohasy, J.},
  date = {2014},
  title = {Input Selection and Optimisation for Monthly Rainfall Forecasting in Queensland, Australia, Using Artificial Neural Networks},
  volume = {138},
  pages = {166–178},
  journal = {Atmospheric Research}
}
@article{alimoradi2015a,
  author = {Alimoradi, A. and Beck, J.L.},
  date = {2015},
  title = {Machine-Learning Methods for Earthquake Ground Motion Analysis and Simulation},
  volume = {141},
  pages = {04014147},
  journal = {Journal of Engineering Mechanics},
  number = {4}
}
@article{aquino2006a,
  author = {Aquino, W. and Brigham, J.C.},
  date = {2006},
  title = {Self Learning Finite Elements for Inverse Estimation of Thermal Constitutive Models},
  volume = {49},
  pages = {2466–2478},
  journal = {International Journal of Heat and Mass Transfer}
}
@article{ataei2015a,
  author = {Ataei, N. and Padgett, J.E.},
  date = {2015},
  title = {Fragility Surrogate Models for Coastal Bridges in Hurricane Prone Zones},
  volume = {103},
  pages = {203–213},
  journal = {Engineering Structures}
}
@book{a2015a,
  author = {A.T.C.},
  date = {2015},
  title = {A Handbook for Rapid Visual Screening of Buildings for Potential Seismic Hazards, FEMA 154},
  edition = {3rd},
  publisher = {Federal Emergency Management Agency},
  address = {Washington, D.C}
}
@article{bai2017a,
  author = {Bai, Y. and Adriano, B. and Mas, E. and Koshimura, S.},
  date = {2017},
  title = {Machine Learning Based Building Damage Mapping from the ALOS-2/PALSAR-2 SAR Imagery: Case Study of 2016 Kumamoto Earthquake},
  volume = {12},
  pages = {646–655},
  journal = {Journal of Disaster Research},
  number = {sp}
}
@incollection{baru2017a,
  author = {Baru, C.},
  date = {2017},
  title = {Open Knowledge Network: Recap & Some Related Work at NSF},
  note = {Available at},
  url = {https://www.nitrd.gov/nitrdgroups/images/c/ca/OKN_ChaitanBaru.pdf)},
  booktitle = {Open Knowledge Network – Enabling the Community to Build the Network, National Institute of Health}
}
@techreport{bennett1978a,
  author = {Bennett, J. and Creary, L. and Englemore, R. and Melosh, R.},
  date = {1978},
  title = {SACON: A Knowledge-Based Consultant for Structural Analysis},
  institution = {Stanford University},
  type = {Technical Report STAN-CS-78-699,}
}
@book{bishop1995a,
  author = {Bishop, C.M.},
  date = {1995},
  title = {Neural Networks for Pattern Recognition},
  publisher = {Oxford University Press}
}
@inproceedings{blundell2015a,
  author = {Blundell, C. and Cornebise, J. and Kavukcuoglu, K. and Wierstra, D.},
  date = {2015},
  title = {Weight Uncertainty in Neural Network},
  booktitle = {Proceedings of the 32nd International Conference on Machine Learning, Proceedings of Machine Learning Research},
  address = {PMLR, Lille, France}
}
@article{bonatti2018a,
  author = {Bonatti, P.A. and Decker, S. and Polleres, A. and Presutti, V.},
  date = {2018},
  title = {Knowledge Graphs: New Directions for Knowledge Representation on the Semantic Web},
  volume = {8},
  pages = {29–111},
  journal = {Dagstuhl Reports},
  number = {9}
}
@article{cha2017a,
  author = {Cha, Y.J. and Choi, W. and Buyukozturk, O.},
  date = {2017},
  title = {Deep Learning-Based Crack Damage Detection Using Convolutional Neural Networks},
  volume = {32},
  pages = {361–378},
  journal = {Computer Aided Civil and Infrastructure Engineering},
  number = {5}
}
@article{chen2014a,
  author = {Chen, G. and Xiong, Q. and Morris, P.J. and Paterson, E.G. and Sergeev, A. and Wang, Y.-C.},
  date = {2014},
  title = {OpenFOAM for Computational Fluid Dynamics},
  volume = {61},
  pages = {354–363},
  doi = {10.1090/noti1095},
  journal = {Notices of the American Mathematical Society},
  number = {4}
}
@article{chen2018a,
  author = {Chen, K. and Lu, W. and Xue, F. and Tang, P. and Li, L.H.},
  date = {2018},
  title = {Automatic Building Information Model Reconstruction in High-Density Urban Areas: Augmenting Multi-Source Data with Architectural Knowledge},
  volume = {93},
  pages = {22–34},
  journal = {Automation in Construction}
}
@book{cohn1992a,
  author = {Cohn, L.F. and Harris, R.A.},
  date = {1992},
  title = {Knowledge-Based Expert Systems in Transportation, Synthesis of Highway Practice 183},
  publisher = {Transportation Research Board}
}
@article{cooner2016a,
  author = {Cooner, A.J. and Shao, Y. and Campbell, J.B.},
  date = {2016},
  title = {Detection of Urban Damage Using Remote Sensing and Machine Learning Algorithms: Revisiting the 2010 Haiti Earthquake},
  volume = {8},
  pages = {868},
  journal = {Remote Sensing},
  number = {10}
}
@article{darabi2019a,
  author = {Darabi, H. and Choubin, B. and Rahmati, O. and Haghighi, A.T. and Pradhan, B. and Kløve, B.},
  date = {2019},
  title = {Urban Flood Risk Mapping Using the GARP and QUEST Models: A Comparative Study of Machine Learning Techniques},
  volume = {569},
  pages = {142–154},
  journal = {Journal of Hydrology}
}
@incollection{d2016a,
  author = {D.A.R.P.A.},
  date = {2016},
  title = {Explainable Artificial Intelligence (XAI},
  pages = {– –16–53},
  booktitle = {Broad Agency Announcement}
}
@article{day2019a,
  author = {Day, M.},
  date = {2019},
  title = {Bentley on Digital Twins},
  note = {Available at},
  url = {https://www.aecmag.com/component/content/article/59-features/1910-bentley-on-digital-twins},
  journal = {AEC Magazine}
}
@incollection{deng2009a,
  author = {Deng, J. and Dong, W. and Socher, R. and Li, L.-J. and Li, K. and Li, F.-F.},
  date = {2009},
  title = {ImageNet: A Large-Scale Hierarchical Image Database},
  booktitle = {IEEE Computer Vision and Pattern Recognition (CVPR}
}
@incollection{dou2014a,
  author = {Dou, J. and Oguchi, T. and Hayakawa, Y.S. and Uchiyama, S. and Saito, H. and Paudel, U.},
  date = {2014},
  title = {GIS-Based Landslide Susceptibility Mapping Using a Certainty Factor Model and Its Validation in the Chuetsu Area, Central Japan},
  pages = {419–424},
  publisher = {Springer},
  booktitle = {Landslide Science for a Safer Geoenvironment}
}
@misc{dym1991a,
  author = {Dym, C.L. and Levitt, R.E.},
  date = {1991},
  title = {Knowledge-Based Systems in Engineering},
  address = {McGraw Hill, NY}
}
@thesis{eriksson2018a,
  author = {Eriksson, D.M.},
  date = {2018},
  title = {Scalable Kernel Methods and Their Use in Black-Box Optimization},
  school = {Cornell University},
  type = {PhD Thesis,}
}
@misc{f2018a,
  author = {F.E.M.A.},
  date = {2018},
  title = {HAZUS-MH2.1 Hurricane Model Technical Manual, Federal Emergency Management Agency},
  address = {Washington, D.C}
}
@article{ferguson2018a,
  author = {Ferguson, M. and Ak, R. and Lee, Y.-T.T. and Law, K.H.},
  date = {2018},
  title = {Detection and Segmentation of Manufacturing Defects with Convolutional Neural Networks and Transfer Learning},
  volume = {2},
  pages = {137–164},
  journal = {Smart and Sustainable Manufacturing Systems},
  number = {1}
}
@article{gao2018a,
  author = {Gao, Y. and Mosalam, K.M.},
  date = {2018},
  title = {Deep Transfer Learning for Image-Based Structural Damage Recognition},
  volume = {33},
  pages = {748– 768},
  journal = {Computer-Aided Civil and Infrastructure Engineering},
  number = {9}
}
@misc{gao2018b,
  author = {Gao, Y. and Mosalam, K.M.},
  date = {2018},
  title = {Structural ImageNet and PEER Hub ImageNet Challenge},
  pages = {10 13140 2 2 33674 77766},
  note = {see},
  url = {https://apps.peer.berkeley.edu/phi-net/)}
}
@article{garrett1996a,
  author = {Garrett, Jr., J.H. and Smith, I.F.C.},
  date = {1996},
  title = {AI Applications in Structural/Construction Engineering},
  volume = {11},
  pages = {20–22},
  journal = {IEEE Expert},
  number = {3}
}
@article{gebrehiwot2019a,
  author = {Gebrehiwot, A. and Hashemi-Beni, L. and Thompson, G. and Kordjamshidi, P. and Langan, T.E.},
  date = {2019},
  title = {Deep Convolutional Neural Network for Flood Extent Mapping Using Unmanned Aerial Vehicles Data},
  volume = {19},
  pages = {1486},
  journal = {Sensors},
  number = {7}
}
@article{ghaboussi1991a,
  author = {},
  date = {1991},
  title = {Knowledge-Based Modeling of Material Behavior with Neural Networks},
  volume = {117},
  pages = {132–153},
  journal = {Journal of Engineering Mechanics},
  number = {1}
}
@article{ghaboussi1998a,
  author = {Ghaboussi, J. and Pecknold, D.A. and Zhang, M. and Haj-Ali, R.M.},
  date = {1998},
  title = {Autoprogressive Training of Neural Network Constitutive Models},
  volume = {42},
  pages = {105–126},
  journal = {International Journal for Numerical Methods in Engineering}
}
@article{ghorbanzadeh2019a,
  author = {Ghorbanzadeh, O. and Blaschke, T. and Gholamnia, K. and Meena, S.R. and Tiede, D. and Aryal, J.},
  date = {2019},
  title = {Evaluation of Different Machine Learning Methods and Deep-Learning Convolutional Neural Networks for Landslide Detection},
  volume = {11},
  pages = {196},
  journal = {Remote Sensing},
  number = {2}
}
@article{gidaris2015a,
  author = {Gidaris, I. and Taflanidis, A.A. and Mavroeidis, G.P.},
  date = {2015},
  title = {Kriging Metamodeling in Seismic Risk Assessment Based on Stochastic Ground Motion Models},
  volume = {44},
  pages = {2377–2399},
  journal = {Earthquake Engineering & Structural Dynamics},
  number = {14}
}
@article{gizaw2016a,
  author = {Gizaw, M.S. and Gan, T.Y.},
  date = {2016},
  title = {Regional Flood Frequency Analysis Using Support Vector Regression under Historical and Future Climate},
  volume = {538},
  pages = {387–398},
  journal = {Journal of Hydrology}
}
@article{goetz2015a,
  author = {Goetz, J.N. and Brenning, A. and Petschko, H. and Leopold, P.},
  date = {2015},
  title = {Evaluating Machine Learning and Statistical Prediction Techniques for Landslide Susceptibility Modeling},
  volume = {81},
  pages = {1–11},
  journal = {Computers & Geosciences}
}
@article{gokkaya-a,
  author = {Gokkaya, B.U. and Baker, J.W. and Deierlein, G.G.},
  title = {Quantifying the Impacts of Modeling Un- certainties on the Seismic Drift Demands and Collapse Risk of Buildings with Implications on Seismic Design Checks},
  volume = {45},
  pages = {1661–83},
  journal = {Earthquake Engineering and Structural Dynamics}
}
@article{hamilton2017a,
  author = {Hamilton, W.L. and Ying, R. and Leskovec, J.},
  date = {2017},
  title = {Representation Learning on Graphs: Methods and Applications},
  journal = {IEEE Data Engineering Bulletin}
}
@book{hayes-roth1983a,
  author = {Hayes-Roth, F. and Waterman, D.A. and Lenat, D.B.},
  date = {1983},
  title = {Building Expert Systems},
  publisher = {Addison-Wesley}
}
@inproceedings{he2016a,
  author = {},
  date = {2016},
  title = {Deep Residual Learning for Image Recognition},
  pages = {770–778},
  booktitle = {Proceedings of the IEEE Conference on Computer Vision and Pattern Recognition}
}
@article{hofmann2008a,
  author = {Hofmann, T. and Scholkopf, B. and Smola, A.J.},
  date = {2008},
  title = {Kernel Methods in Machine Learning},
  volume = {36},
  pages = {1171–1220},
  journal = {The Annals of Statistics},
  number = {3}
}
@article{i2016a,
  author = {I.S.O.},
  date = {2016},
  title = {Building Information Modeling—Information Delivery Manual—Part 1: Methodology and Format},
  volume = {29481-1},
  pages = {2016},
  note = {E),},
  publisher = {ISO},
  journal = {ISO},
  address = {Geneva, Switzerland}
}
@article{jain1991a,
  author = {Jain, D. and Luth, G. and Law, K.H. and Krawinkler, H.},
  date = {1991},
  title = {A Formal Approach to Automating Conceptual Structural Design, Part I - Methodology},
  volume = {7},
  pages = {79–89},
  journal = {Engineering with Computers}
}
@article{jain1991b,
  author = {Jain, D. and Luth, G. and Law, K.H. and Krawinkler, H.},
  date = {1991},
  title = {A Formal Approach to Automating Conceptual Structural Design, Part II - Application to Floor Framing Generation},
  volume = {7},
  pages = {91–107},
  journal = {Engineering with Computers}
}
@article{jeong2019a,
  author = {Jeong, S. and Ferguson, M. and Hou, R. and Lynch, J.P. and Sohn, H. and Law, K.H.},
  date = {2019},
  title = {Sensor Data Reconstruction Using Bidirectional Recurrent Neural Network with Application to Bridge Monitoring},
  volume = {42},
  journal = {Advanced Engineering Informatics},
  number = {10991}
}
@article{jia2016a,
  author = {Jia, G. and Taflanidis, A.A. and Nadal-Caraballo, N.C. and Melby, J.A. and Kennedy, A.B. and Smith, J.M.},
  date = {2016},
  title = {Surrogate Modeling for Peak and Time Dependent Storm Surge Prediction Over an Extended Coastal Region Using an Existing Database of Synthetic Storms},
  volume = {81},
  pages = {909–938},
  note = {DOI 10.1007/s11069-015-2111-1},
  journal = {Natural Hazards},
  number = {2}
}
@misc{jia2020a,
  author = {Jia, X. and Willard, J. and Karpatne, A. and Read, J.S. and Zwart, J.A. and Steinbach, M. and Kumar, V.},
  date = {2020},
  title = {Physics-Guided Machine Learning for Scientific Discovery: An Application in Simulating Lake Temperature Profiles},
  note = {arXiv:2001.11086v2},
  arxiv = {2001.11086v2}
}
@inproceedings{joshi2009a,
  author = {Joshi, A.J. and Porikli, F. and Papanikolopulos, N.},
  date = {2009},
  title = {Multi-Class Active Learning for Image Classification},
  pages = {2372–2379},
  booktitle = {IEEE Conference on Computer Vision and Pattern Recognition},
  address = {Miami, FL, USA}
}
@article{kabir2018a,
  author = {Kabir, H.M.D. and Khosravi, A. and Hosen, M.A. and Nahavandi, S.},
  date = {2018},
  title = {Neural Network-Based Uncertainty Quantification: A Survey of Methodologies and Applications},
  volume = {6},
  pages = {36218–36234},
  journal = {IEEE Access, IEEE}
}
@article{kafle2017a,
  author = {Kafle, K. and Kanan, C.},
  date = {2017},
  title = {Visual Question Answering: Datasets, Algorithms, and Future Challenges},
  volume = {163},
  pages = {3–20},
  journal = {Computer Vision and Image Understanding}
}
@book{kartam1997a,
  editor = {Kartam, N. and Flood, I. and Garrett, Jr., J.H.},
  date = {1997},
  title = {Artificial Neural Networks for Civil Engineers: Fundamentals and Applications},
  publisher = {American Society of Civil Engineers}
}
@incollection{kersbergen2018a,
  author = {Kersbergen, D.},
  date = {2018},
  title = {Automated Building Damage Classification Using Remotely Sensed Data: Case Study: Hurricane Damage on St},
  publisher = {Delft University of Technology},
  booktitle = {Maarten, Master Thesis, Architecture and the Built Environment}
}
@article{kerschen2005a,
  author = {Kerschen, G. and De Boe, P. and Golinval, J. and Worden, K.},
  date = {2005},
  title = {Sensor Validation Using Principal Component Analysis},
  volume = {14},
  pages = {36–42},
  journal = {Smart Materials and Structures},
  number = {1}
}
@book{kostem1986a,
  editor = {Kostem, C.N. and Maher, M.L.},
  date = {1986},
  title = {Expert Systems in Civil Engineering},
  publisher = {American Society of Civil Engineers}
}
@article{kim2016a,
  author = {Kim, S. and Matsumi, Y. and Pan, S. and Mase, H.},
  date = {2016},
  title = {A Real-Time Forecast Model Using Artificial Neural Network for After-Runner Storm Surges on the Tottori Coast, Japan},
  volume = {122},
  pages = {44–53},
  journal = {Ocean Engineering}
}
@book{koller2009a,
  author = {Koller, D. and Friedman, N.},
  date = {2009},
  title = {Probabilistic Graph Models: Principles and Techniques},
  publisher = {MIT Press}
}
@incollection{kratzert2019a,
  author = {Kratzert, F. and Herrnegger, M. and Klotz, D. and Hochreiter, S. and Klambauer, G.},
  date = {2019},
  title = {NeuralHydrology – Interpreting LSTMs in Hydrology},
  editor = {Samek and Montavon, Vedaldi and Hansen, Muller},
  volume = {11700},
  publisher = {Springer},
  booktitle = {Explanable AI: Interpreting, Explaining and Visualizing Deep Learning}
}
@inproceedings{kumar2018a,
  author = {Kumar, A. and Rizvi, S.A.A. and Brooks, B. and Vanderveld, R.A. and Wilson, K.H. and Kenney, C. and Edelstein, S. and Finch, A. and Maxwell, A. and Zuckerbraun, J. and Ghani, R.},
  date = {2018},
  title = {Using Machine Learning to Assess the Risk of and Rrevent Water Main Breaks},
  pages = {472–480},
  booktitle = {Proceedings of the 24th ACM SIGKDD International Conference on Knowledge Discovery & Data Mining}
}
@article{kumar1997a,
  author = {Kumar, B. and Raphael, B.},
  date = {1997},
  title = {CADREM: A Case-Based System for Conceptual Structural Design},
  volume = {13},
  pages = {153–164},
  journal = {Engineering with Computers},
  number = {3}
}
@article{le2019a,
  author = {Le, X.-H. and Ho, H.V. and Lee, G. and Jung, S.},
  date = {2019},
  title = {Application of Long Short-Term Memory (LSTM) Neural Network for Flood Forecasting},
  volume = {11},
  journal = {Water},
  number = {7}
}
@article{lecun2015a,
  author = {LeCun, Y. and Bengio, Y. and Hinton, G.},
  date = {2015},
  title = {Deep Learning},
  volume = {521},
  pages = {436–444},
  journal = {Nature}
}
@article{lehner2020a,
  author = {Lehner, H. and Dorffner, L.},
  date = {2020},
  title = {Digital geoTwin Vienna: Towards a Digital Twin City as Geodata Hub},
  volume = {88},
  url = {https://doi.org/10.1007/s41064-020-00101-4.},
  pages = {63–75},
  doi = {10.1007/s41064-020-00101-4.},
  journal = {Journal of Photogrammetry, Remote Sensing and Geoinformation Science}
}
@article{lenjani2020a,
  author = {Lenjani, A. and Yeum, C.M. and Dyke, S.J. and Bilionis, I.},
  date = {2020},
  title = {Automated Building Image Extraction from 360o Panoramas for Postdisaster Evaluation},
  volume = {35},
  pages = {241–257},
  journal = {Computer Aided Civil and Infrastructure Engineering},
  number = {3}
}
@article{li2019a,
  author = {Li, Y. and Martinis, S. and Wieland, M.},
  date = {2019},
  title = {Urban Flood Mapping with an Active Self-Learning Convolutional Neural Network Based on TerraSAR-X Intensity and Interferometric Coherence},
  volume = {152},
  pages = {178–191},
  journal = {ISPRS Journal of Photogrammetry and Remote Sensing}
}
@article{li2018a,
  author = {Li, Y. and Ye, S. and Bartoli, I.},
  date = {2018},
  title = {Semisupervised Classification of Hurricane Damage from Postevent Aerial Imagery Using Deep Learning},
  volume = {Sensing,12 (4},
  pages = {045008},
  journal = {Journal of Applied Remote}
}
@article{li2018b,
  author = {Li, Z. and Meier, M.-A. and Hauksson, E. and Zhan, Z. and Andrews, J.},
  date = {2018},
  title = {Machine Learning Seismic Wave Discrimination: Application to Earthquake Early Warning},
  volume = {45},
  pages = {4773–4779},
  journal = {Geophysical Research Letters},
  number = {10}
}
@incollection{lin2014a,
  author = {Lin, T.Y. and Maire, M. and Belongie, S. and Bourdev, L. and Girschick, R. and Hays, J. and Perona, P. and Ramanan, D. and Zitnick, C.L. and Dollár, P.},
  date = {2014},
  title = {Microsoft COCO: Common Objects in Context},
  editor = {D., Fleet and T., Pajdla and B., Schiele and T, Tuytelaars},
  volume = {8693},
  publisher = {Springer},
  url = {https://doi.org/10.1007/978-3-319-10602-1_48},
  doi = {10.1007/978-3-319-10602-1_48},
  booktitle = {Computer Vision – ECCV 2014. ECCV 2014. Lecture Notes in Computer Science},
  address = {Cham}
}
@inproceedings{lin2018a,
  author = {Lin, X.V. and Socher, R. and Xiong, C.},
  date = {2018},
  title = {Multi-Hop Knowledge Graph Reasoning with Reward Shaping},
  note = {available at arXiv:1808.10568v2},
  arxiv = {1808.10568v2},
  booktitle = {Conference on Empirical Methods in Natural Language Processing}
}
@article{ling2016a,
  author = {Ling, J. and Jones, R. and Templeton, J.},
  date = {2016},
  title = {Machine Learning Strategies for Systems with Invariance Properties},
  volume = {318},
  pages = {22–35},
  journal = {Journal of Computational Physics}
}
@article{lu2020a,
  author = {Lu, X. and Gu, D. and Xu, Z. and Xiong, Y. and Tian, Y.},
  date = {2020},
  title = {CIM-Powered Multi-Hazard Simulation Framework Covering Both Individual Buildings and Urban Areas},
  volume = {12},
  pages = {5059},
  journal = {Sustainability},
  number = {12}
}
@article{luo2018a,
  author = {Luo, H. and Paal, S.G.},
  date = {2018},
  title = {Machine Learning-Based Backbone Curve Model of Reinforced Concrete Columns Subjected to Cyclic Loading Reversal},
  volume = {32},
  journal = {Journal of Computing in Civil Engineering},
  number = {5}
}
@article{maninis2017a,
  author = {Maninis, K.-K. and Pont-Tuset, J. and Arbelaez, P. and Van Gool, L.},
  date = {2017},
  title = {Convolutional oriented boundaries: From image segmentation to high-level tasks},
  volume = {40},
  pages = {819–833},
  journal = {IEEE Trans. Pattern Anal. Mach. Intell},
  number = {4}
}
@techreport{future2019a,
  author = {Future, Market Research},
  date = {2019},
  title = {Global Machine Learning Market},
  note = {Source:},
  url = {https://www.marketresearchfuture.com/reports/machine-learning-market-2494,},
  type = {Research Report,}
}
@inproceedings{martinovi2015a,
  author = {Martinović, A. and Knopp, J. and Riemenschneider, H. and Van Gool, L.},
  date = {2015},
  title = {3D All the Way: Semantic Segmentation of Urban Scenes from Start to End in 3D},
  pages = {4456–4465,},
  doi = {10.1109/CVPR.2015.7299075.},
  booktitle = {IEEE Conference on Computer Vision and Pattern Recognition (CVPR},
  address = {Boston, MA}
}
@article{mcdermott2019a,
  author = {McDermott, P. and Wikle, C.},
  date = {2019},
  title = {Bayesian Recurrent Neural Network Models for Forecasting and Quantifying Uncertainty in Spatial-Temporal Data},
  volume = {21},
  pages = {184},
  journal = {Entropy},
  number = {2}
}
@article{mckenna2011a,
  author = {McKenna, F.},
  date = {2011},
  title = {OpenSees: A Framework for Earthquake Engineering Simulation},
  volume = {13},
  pages = {58–66},
  doi = {10.1109/MCSE.2011.66.},
  journal = {Computing in Science & Engineering},
  number = {4}
}
@misc{mignan2019a,
  author = {Mignan, A.},
  date = {2019},
  title = {Forecasting Aftershocks: Back to Square One after a Deep Learning Anticlimax},
  url = {http://doi.org/10.32858/temblor.053},
  doi = {10.32858/temblor.053},
  type = {Temblor,}
}
@article{mosavi2018a,
  author = {Mosavi, A. and Ozturk, P. and Chau, K.W.},
  date = {2018},
  title = {Flood Prediction Using Machine Learning Models},
  volume = {10},
  pages = {1536},
  journal = {Literature Review," Water},
  number = {11}
}
@article{mousavi2020a,
  author = {Mousavi, S.M. and Beroza, G.C.},
  date = {2020},
  title = {A Machine Learning Approach for Earthquake Magnitude Estimation},
  volume = {47},
  pages = {2019 085976},
  journal = {Geophysical Research Letters}
}
@article{murphy2016a,
  author = {Murphy, K. and Tresp, V. and Gabrilovich, E.},
  date = {2016},
  title = {A Review of Relational Machine Learning for Knowledge Graphs},
  volume = {104},
  pages = {11–33},
  journal = {Proceedings of the IEEE},
  number = {1}
}
@inproceedings{nakka2018a,
  author = {Nakka, K.K. and Salzmann, M.},
  date = {2018},
  title = {Deep Attentional Structured Representation Learning for Visual Recognition},
  booktitle = {British Machine Vision Conference (BMVC}
}
@misc{science2016a,
  author = {Science, National and Council, Technology},
  date = {2016},
  title = {The National Artificial Intelligence Research and Development Strategic Plan}
}
@misc{science2016b,
  author = {Science, National and Council, Technology},
  date = {2016},
  title = {Preparing the Future of Artificial Intelligence}
}
@misc{science2019a,
  author = {Science, National and Council, Technology},
  date = {2019},
  title = {The National Artificial Intelligence Research and Development Strategic Plan, 2019 Update}
}
@misc{n2017a,
  author = {N.I.C.},
  date = {2017},
  title = {Data for the Public Good. National Infrastructure Commission, UK, London},
  note = {Retrieved from https://www.nic.org.uk/publications/data-public-good/, 8/31/2020).}
}
@article{noy2009a,
  author = {Noy, N.F. and Shah, N.H. and Whetzel, P.L. and Dai, B. and Dorf, M. and Griffith, N. and Jonquet, C. and Rubin, D.L. and Storey, M.A. and Chute, C.G. and Musen, M.A.},
  date = {2009},
  title = {BioPortal: Ontologies and Integrated Data Resources at the Click of a Mouse},
  volume = {37:W170-W173},
  journal = {Nucleic Acids Res}
}
@book{olea2012a,
  author = {Olea, R.A.},
  date = {2012},
  title = {Geostatistics for Engineers and Earth Scientists},
  publisher = {Springer}
}
@book{padgett2020a,
  author = {Padgett, J. and Yu, S. and Dawson, C. and Stanzione, D. and Rathje, E.},
  date = {2020},
  title = {Workshop on Artificial Intelligence in Natural Hazards Engineering},
  publisher = {Texas Advanced Computing Center, University of Texas at Austin, February}
}
@article{palmer1987a,
  editor = {Palmer, R.N.},
  date = {1987},
  title = {Special Issue on Expert Systems},
  volume = {1},
  journal = {Journal of Computing in Civil Engineering, American Society of Civil Engineers},
  number = {4}
}
@book{c2006a,
  author = {C.E., Rasmussen and Williams, C.K.I.},
  date = {2006},
  title = {Gaussian Processes for Machine Learning},
  publisher = {MIT Press}
}
@article{park2016a,
  author = {Park, J. and Law, K.H.},
  date = {2016},
  title = {Bayesian Ascent: A Data-Driven Optimization Scheme for Real-Time Control with Application to Wind Farm Power Maximization},
  volume = {24},
  pages = {1655–1668},
  journal = {IEEE Transactions on Control Systems Technology},
  number = {5}
}
@article{park2019a,
  author = {Park, J. and Park, J.},
  date = {2019},
  title = {Physics-Induced Graph Neural Network: An Application to Wind-Farm Power Estimation},
  volume = {187},
  journal = {Energy},
  number = {115883}
}
@article{paulheim2016a,
  author = {Paulheim, H.},
  date = {2016},
  title = {Knowledge Graph Refinement: A Survey of Approaches and Evaluation Methods},
  volume = {8},
  pages = {489–508},
  journal = {Semantic Web}
}
@book{perrault2019a,
  author = {Perrault, R. and Shoham, Y. and Brynjolfsson, E. and Clark, J. and Etchemendy, J. and Grosz, B. and Lyons, T. and Manyika, J. and Mishra, S. and Nielbes, J.C.},
  date = {2019},
  title = {The AI Index 2019 Annual Report},
  publisher = {AI Index Steering Committee, Human-Centered AI Institute, Stanford University}
}
@article{pham2016a,
  author = {Pham, B.T. and Pradhan, B. and Bui, D.T. and Prakash, I. and Dholakia, M.B.},
  date = {2016},
  title = {A Comparative Study of Different Machine Learning Methods for Landslide Susceptibility Assessment: A Case Study of Uttarakhand Area (India},
  volume = {84},
  pages = {240–250},
  journal = {Environmental Modeling & Software}
}
@article{raissi2019a,
  author = {Raissi, M. and Perdikaris, P. and Karniadakis, G.E.},
  date = {2019},
  title = {Physics-Informed Neural Networks: A Deep Learning Framework for Solving Forward and Inverse Problems Involving Nonlinear Partial Differential Equations},
  volume = {378},
  pages = {686–707},
  journal = {Journal of Computational Physics}
}
@article{rathje2017a,
  author = {},
  date = {2017},
  title = {DesignSafe: New Cyberinfrastructure for Natural Hazards Engineering},
  volume = {18},
  pages = {06017001},
  journal = {Natural Hazards Review},
  number = {3}
}
@article{reinanda2020a,
  author = {Reinanda, R. and Meij, E. and Rijke, M.},
  date = {2020},
  title = {Knowledge Graphs: An Information Retrieval Perspective},
  volume = {14},
  url = {http://dx.doi.org/10.1561/1500000063},
  pages = {1–158},
  doi = {10.1561/1500000063},
  journal = {Foundations and Trends® in Information Retrieval},
  number = {4}
}
@article{resch2018a,
  author = {Resch, B. and Usländer, F. and Havas, C.},
  date = {2018},
  title = {Combining Machine-Learning Topic Models and Spatiotemporal Analysis of Social Media Data for Disaster Footprint and Damage Assessment},
  volume = {45},
  pages = {362–376},
  journal = {Cartography and Geographic Information Science},
  number = {4}
}
@article{rudin2019a,
  author = {Rudin, C. and Radin, J.},
  date = {2019},
  title = {Why Are We Using Black Box Models in AI When We Don't Need To? A Lesson From An Explainable AI Competition},
  note = {Available at},
  url = {https://hdsr.mitpress.mit.edu/pub/f9kuryi8/release/5)},
  journal = {Harvard Data Science Review}
}
@book{sacks2018a,
  author = {Sacks, R. and Eastman, C. and Lee, G. and Teicholz, P.},
  date = {2018},
  title = {BIM Handbook: A Guide to Building Information Modeling for Owners},
  publisher = {Designers, Engineers, Contractors, and Facility Managers, Wiley},
  edition = {3rd}
}
@article{salehia2018a,
  author = {Salehia, H. and Burguernoa, R.},
  date = {2018},
  title = {Emerging Artificial Intelligence Methods in Structural Engineering},
  volume = {171},
  pages = {170–189},
  journal = {Engineering Structures}
}
@thesis{salazar2015a,
  author = {Salazar, J.E.},
  date = {2015},
  title = {Predicting Wind Induced Damage to Residential Structures: A Machine Learning Approach},
  school = {Rice University},
  type = {PhD Thesis,}
}
@book{samek2019a,
  editor = {Samek, W. and Montavon, G. and Vedaldi, A. and Hansen, L.K. and Muller, K.-R.},
  date = {2019},
  title = {Explainable AI: Interpreting},
  publisher = {Explaining and Visualizing Deep Learning, Springer}
}
@misc{santin2019a,
  author = {Santin, G. and Haasdonk, B.},
  date = {2019},
  title = {Kernel Methods for Surrogate Modeling},
  note = {Available at},
  url = {https://arxiv.org/abs/1907.10556}
}
@article{schrotter2020a,
  author = {Schrotter, G. and Hürzeler, C.},
  date = {2020},
  title = {The Digital Twin of the City of Zurich for Urban Planning},
  volume = {88},
  url = {https://doi.org/10.1007/s41064-020-00092-2.},
  pages = {99–112},
  doi = {10.1007/s41064-020-00092-2.},
  journal = {Journal of Photogrammetry, Remote Sensing and Geoinformation Science}
}
@misc{seo2019a,
  author = {Seo, S. and Liu, Y.},
  date = {2019},
  title = {Differentiable Physics-Informed Graph Networks},
  note = {arXiv:1902.02950v2},
  arxiv = {1902.02950v2}
}
@article{simon1973a,
  author = {Simon, H.A.},
  date = {1973},
  title = {The Structure of Ill-Structured Problems},
  volume = {4},
  pages = {181–201},
  journal = {Artificial Intelligence}
}
@article{sriram1985a,
  author = {Sriram, D. and Maher, M.L. and Fenves, S.J.},
  date = {1985},
  title = {Knowledge-Based Expert Systems in Structural Design},
  volume = {20},
  pages = {1–9},
  journal = {Computers & Structures},
  number = {1-3}
}
@book{sriram1997a,
  author = {Sriram, R.D.},
  date = {1997},
  title = {Intelligent Systems for Engineering: A Knowledge-Based Approach},
  publisher = {Springer Verlag}
}
@article{stevens2000a,
  author = {Stevens, R. and Goble, C.A. and Bechhofer, S.},
  date = {2000},
  title = {Ontology-Based Knowledge Representation for Bio-informatics},
  volume = {1},
  pages = {398–414},
  journal = {Briefings in Bioinformatics},
  number = {4}
}
@article{straub2010a,
  author = {Straub, D. and Der Kiureghian, A.},
  date = {2010},
  title = {Bayesian Network Enhanced with Structural Reliability Methods: Methodology},
  volume = {136},
  pages = {1248–1258},
  journal = {Journal of Engineering Mechanics, ASCE},
  number = {10}
}
@incollection{subramanian2013a,
  author = {Subramanian, D. and Salazar, J. and Duenas-Osorio, L. and Stein, R.},
  date = {2013},
  title = {Constructing and Validating Geographically Refined HAZUS-MH4 Hurricane Wind Risk Models: A Machine Learning Approach},
  pages = {1056–1066},
  booktitle = {Advances in Hurricane Engineering: Learning from Our Past}
}
@inproceedings{szegedy2016a,
  author = {Szegedy, C. and Vanhoucke, V. and Ioffe, S. and Shlens, J. and Wojna, Z.},
  date = {2016},
  title = {Rethinking the Inception Architecture for Computer Vision},
  pages = {2828–2826},
  booktitle = {Proceedings of the IEEE Conference on Computer Vision and Pattern Recognition}
}
@inproceedings{szegedy2017a,
  author = {Szegedy, C. and Ioffe, S. and Vanhoucke, V. and Alemi, A.A.},
  date = {2017},
  title = {Inception-V4, Inception-ResNet and the Impact of Residual Connections on Learning},
  pages = {4278–4284},
  booktitle = {Proceedings of the 31st AAAI Conference on Artificial Intelligence}
}
@inproceedings{thomas2011a,
  author = {Thomas, J. and Bowyer, K.W. and Kareem, A.},
  date = {2011},
  title = {Towards a Robust Automated Hurricane Damage Assessment from High Resolution Images},
  pages = {10–15},
  booktitle = {13th International Conference on Wind Engineering}
}
@incollection{van1984a,
  author = {Van Melle, W. and Shortliffe, E.H. and Buchanan, B.G.},
  date = {1984},
  title = {EMYCIN: A Knowledge Engineer's Tool for Constructing Rule-Based Expert Systems},
  editor = {Buchanan and Shortliffe},
  publisher = {Addison Wesley},
  booktitle = {Rule-Based Expert Systems: The MYCIN Experiments of the Stanford Heuristic Programming Project}
}
@misc{wang2019a,
  author = {Wang, C.},
  date = {2019},
  title = {NHERI-SimCenter/SURF},
  volume = {V},
  url = {https://doi.org/10.5281/zenodo.3463676).},
  issue = {0.2.0},
  doi = {10.5281/zenodo.3463676).}
}
@article{wang2019b,
  author = {Wang, C. and Jiang, C. and Yu, S.Y. and McKenna, F. and Law, K.H.},
  date = {2019},
  title = {NHERI-SimCenter/BIM2SAM.AI},
  volume = {1},
  note = {Zenodo.},
  url = {https://doi.org/10.5281/zenodo.3509957.},
  doi = {10.5281/zenodo.3509957.},
  journal = {Release},
  number = {0}
}
@article{wang2019c,
  author = {Wang, C. and F, McKenna},
  date = {2019},
  title = {NHERI-SimCenter/SWIM},
  volume = {1},
  note = {Zenodo.},
  url = {https://doi.org/10.5281/zenodo.3475481.},
  doi = {10.5281/zenodo.3475481.},
  journal = {Release},
  number = {0.1}
}
@misc{wang2019d,
  author = {Wang, C. and Yu, Q. and McKenna, F. and Cetiner, B. and Yu, S.X. and Taciroglu, E. and Law, K.H.},
  date = {2019},
  pages = {– , 1 0 1},
  note = {see},
  url = {https://doi.org/10.5281/zenodo.3483208)},
  doi = {10.5281/zenodo.3483208)}
}
@misc{wang2020a,
  author = {Wang, C. and Yu, Q. and McKenna, F. and Yu, S.X. and Taciroglu, E. and Zsarnoczay, A. and Elhaddad, W. and Cetiner, B. and Law, K.H.},
  date = {2020},
  title = {Machine Learning-based Regional Scale Intelligent Modeling of Building Information for Natural Hazard Risk Management},
  note = {Submitted for Publication).}
}
@article{wang2019e,
  author = {Wang, K. and Ellsworth, W.L. and Beroza, G.C. and Williams, G. and Zhang, M. and Schroeder, D. and Rubinstein, J.},
  date = {2019},
  title = {Seismology with Dark Data: Image-Based Processing of Analog Records Using Machine Learning for the Rangely Earthquake Control Experiment},
  volume = {90},
  pages = {553–562},
  journal = {Seismological Research Letters},
  number = {2A}
}
@article{wang2020b,
  author = {Wang, Y. and Fang, Z. and Hong, H. and Peng, L.},
  date = {2020},
  title = {Flood Susceptibility Mapping Using Convolutional Neural Network Frameworks},
  volume = {582},
  pages = {124482},
  journal = {Journal of Hydrology}
}
@article{whetzel2011a,
  author = {Whetzel, P.L. and Noy, N.F. and Shah, N.H. and Alexander, P.R. and Nyylas, C. and Tudorache, T. and Musen, M.A.},
  date = {2011},
  title = {BioPortal: Enhanced Functionality via New Web Services from the National Center for Biomedical Ontology to Access and Use Ontologies in Software Applications},
  volume = {39},
  note = {Web Server issue):W541-5. (https://bioportal.bioontology.org/},
  journal = {Nucleic Acids Res}
}
@article{wilkinson2016a,
  author = {Wilkinson, M.D. and Dumontier, M. and Jan Aalbersberg, I. and Appleton, G. and Axton, M. and Baak, A. and Blomberg, N. and Boiten, J.W. and Silva Santos, L.B. and Bourne, P.E. and Bouwman, J. and Brookes, A.J. and Clark, T. and Crosas, M. and Dillo, I. and Dumon, O. and Edmunds, S. and Evelo, C.T. and Finkers, R. and Gonzalez-Beltran, A. and Gray, A.J.G. and Groth, P. and Goble, C. and Grethe, J.S. and Heringa, J. and Hoen, P.A.C.' and Hooft, R. and Kuhn, T. and Kok, R. and Kok, J. and Lusher, S.J. and Martone, M.E. and Mons, A. and Packer, A.L. and Persson, B. and Rocca-Serra, P. and Roos, M. and Schaik, R. and Sansone, S.A. and Schultes, E. and Sengstag, T. and Slater, T. and Strawn, G. and Swertz, M.A. and Thompson, M. and Lei, J. and Mulligen, E. and Velterop, Jan and Waagmeester, A. and Wittenburg, P. and Wolstencroft, K. and Zhao, J. and Mons, B.},
  date = {2016},
  title = {The FAIR Guiding Principles for Scientific Data Management and Stewardship},
  volume = {3},
  doi = {10.1038/sdata.2016.18.},
  note = {PMID 26978244},
  pmid = {26978244},
  journal = {Scientific Data},
  number = {160018},
  type = {OCLC 961158301. PMC 4792175.}
}
@misc{willard2020a,
  author = {Willard, J. and Jia, X. and Xu, S. and Steinbach, M. and Kumar, V.},
  date = {2020},
  title = {Integrating Physics-Based Modeling with Machine Learning: A Survey},
  note = {arXiv:2003.04919v4},
  arxiv = {2003.04919v4}
}
@article{winkler2018a,
  author = {Winkler, D. and Haltmeier, M. and Kleidorfer, M. and Rauch, W. and Tscheikner-Gratl, F.},
  date = {2018},
  title = {Pipe Failure Modeling for Water Distribution Networks Using Boosted Decision Trees},
  volume = {14},
  pages = {1402–1411},
  journal = {Structure and Infrastructure Engineering},
  number = {10}
}
@article{wirtz2012a,
  author = {Wirtz, D. and Karajan, N. and Haasdonk, B.},
  date = {2012},
  title = {Surrogate Modeling of Multiscale Models using Kernel Methods},
  volume = {101},
  pages = {1–28},
  journal = {International Journal on Numerical Methods in Engineering},
  number = {1}
}
@inproceedings{wong2019a,
  author = {Wong, V.W.H. and Ferguson, M. and K.H., Law and Lee, Y.-T.T.},
  date = {2019},
  title = {An Assistive Learning Workflow on Annotating Images for Object Detection},
  booktitle = {IEEE International Conference on Big Data (IEEE BigData 2019},
  address = {Los Angeles, CA}
}
@incollection{wu2020a,
  author = {Wu, Z. and Pan, S. and Chen, F. and Long, G. and Yu, P.S.},
  date = {2020},
  title = {A Comprehensive Survey on Graph Neural Networks},
  doi = {10.1109/tnnls.2020.2978386},
  booktitle = {IEEE Transactions on Neural Networks and Learning Systems}
}
@article{xie2020a,
  author = {Xie, Y. and Sichani, M.E. and Padgett, J.E. and DesRoches, R.},
  date = {2020},
  title = {The promise of implementing machine learning in earthquake engineering: A state-of-the-art review},
  url = {https://doi.org/10.1177/8755293020919419},
  doi = {10.1177/8755293020919419},
  journal = {Earthquake Spectra}
}
@inproceedings{xu2015a,
  author = {Xu, K. and Ba, J. and Kiros, R. and Cho, K. and Courville, A.Salakhutdinov and R., Zemel and R. and Bengio, Y.},
  date = {2015},
  title = {Show, Attend and Tell: Neural Image Caption Generation with Visual Attention},
  volume = {37},
  pages = {2048–2057},
  booktitle = {International Conference on Machine Learning (ICML}
}
@article{xu2014a,
  author = {Xu, Y.L. and Hu, L. and Kareem, A.},
  date = {2014},
  title = {Conditional simulation of non-stationary fluctuating wind speeds for long-span bridges},
  volume = {140},
  pages = {61–73},
  url = {https://doi.org/10.1061/(ASCE)EM.1943-7889.0000589},
  doi = {10.1061/(ASCE)EM.1943-7889.0000589},
  journal = {Journal of Engineering Mechanics, ASCE},
  number = {1}
}
@article{yao2008a,
  author = {Yao, X. and Tham, L.G. and Dai, F.C.},
  date = {2008},
  title = {Landslide Susceptibility Mapping Based on Support Vector Machine: A Case Study on Natural Slopes of Hong Kong, China},
  volume = {101},
  pages = {572–582},
  journal = {Geomorphology},
  number = {4}
}
@article{yeum2019a,
  author = {Yeum, C.M. and Choi, J. and Dyke, S.J.},
  date = {2019},
  title = {Automated Region-of-Interest Localization and Classification for Visual Assessment of Civil Infrastructure},
  volume = {18},
  pages = {675–689},
  journal = {Structural Health Monitoring},
  number = {3}
}
@incollection{yu2019a,
  author = {Yu, Q. and Wang, C. and Cetiner, B. and Yu, S. and McKenna, F. and Taciroglu, E. and Law, K.H.},
  date = {2019},
  title = {Building Information Modeling and Classification by Visual Learning at A City Scale},
  booktitle = {Workshop on Artificial Intelligence for Humanitarian Assistance and Disaster Response, Neural Information Processing Systems},
  address = {Vancouver, Canada}
}
@article{yu2020a,
  author = {Yu, Q. and Wang, C. and McKenna, F. and Yu, S.X. and Taciroglu, E. and Cetiner, B. and Law, K.H.},
  date = {2020},
  title = {Large-scale Rapid Visual Screening of Soft-Story Buildings from Street View Images Using Deep Learning Classification},
  journal = {Earthquake Engineering and Engineering Vibration (to appear}
}
@techreport{yu2016a,
  author = {Yu, S. and Baker, C.},
  date = {2016},
  title = {Image Captioning with Multiple Perspective and FrameNet for Earthquake Damage Assessment},
  note = {Unpublished Internal Report),},
  institution = {International Computer Science Institute},
  address = {Berkeley, CA}
}
@inproceedings{yu2017a,
  author = {Yu, Z. and Feng, C. and Liu, M.-Y. and Ramalingam, S.},
  date = {2017},
  title = {Casenet: Deep Category-Aware Semantic Edge Detection},
  booktitle = {Proceedings of the IEEE Conference on Computer Vision and Pattern Recognition}
}
@article{zhang2019a,
  author = {Zhang, D. and Lu, L. and Guo, L. and Emkarniadakis, G.},
  date = {2019},
  title = {Quantifying Total Uncertainty in Physics-Informed Neural Networks for Solving Forward and Inverse Stochastic Problems},
  volume = {397},
  journal = {Journal of Computational Physics},
  number = {108850}
}
