@article{chen2003a,
  author = {Chen, C.S. and Liu, H.D. and Beardsley, R.C.},
  date = {2003},
  title = {An unstructured grid, finite-volume, three-dimensional, primitive equations ocean model: Application to coastal ocean and estuaries},
  volume = {20},
  pages = {159–186},
  journal = {Journal of Atmospheric and Oceanic Technology},
  number = {1}
}
@article{dietrich2011a,
  author = {Dietrich, J.C. and Zijlema, M. and Westerink, J.J. and Holthuijsen, L.H. and Dawson, C. and Luettich, R.A. and Jensen, R.E. and Smith, J.M. and Stelling, G.S. and Stone, G.W.},
  date = {2011},
  title = {Modeling hurricane waves and storm surge using integrally-coupled, scalable computations},
  volume = {58},
  pages = {45–65},
  journal = {Coastal Engineering}
}
@article{hu2015a,
  author = {Hu, K. and Chen, Q. and Wang, H.},
  date = {2015},
  title = {A numerical study of vegetation impact on reducing storm surge by wetlands in a semi-enclosed estuary},
  volume = {95},
  pages = {66–76},
  journal = {Coastal Engineering}
}
@article{lynett2002a,
  author = {Lynett, P.J. and Wu, T.R. and Liu, P.L.-F.},
  date = {2002},
  title = {Modeling wave runup with depth-integrated equations},
  volume = {46},
  pages = {89–107},
  journal = {Coastal Engineering},
  number = {2}
}
@article{kennedy2000a,
  author = {Kennedy, A.B. and Chen, Q. and Kirby, J.T. and Dalrymple, R.A.},
  date = {2000},
  title = {Boussinesq modeling of wave transformation, breaking and runup. I: 1D},
  volume = {126},
  pages = {39–47},
  journal = {J. Waterway, Port, Coastal and Ocean Eng.-ASCE}
}
@article{kennedy2019a,
  author = {Kennedy, A.B. and Wirasaet, D. and Begmohammadi, A. and Sherman, T. and Bolster, D. and Dietrich, J.C.},
  date = {2019},
  title = {Subgrid theory for storm surge modeling},
  volume = {144},
  pages = {101491,},
  doi = {10.1016/j.ocemod.2019.101491.},
  journal = {Ocean Modelling}
}
@article{kerr2013a,
  author = {Kerr, P.C. and Donahue, A.S. and Westerink, J.J. and Luettich, R.A. and Zheng, L.Y. and Weisberg, R.H. and Huang, Y. and Wang, H.V. and Teng, Y. and Forrest, D. and Zhang, Y.J. and Roland, A. and Haase, A.T. and Kramer, A. and Taylor, A. and Rhome, J.R. and Feyen, J. and Signell, R.P. and Hanson, J. and Hope, M.E. and Estes, R. and Dominguez, R. and Dunbar, R. and Semeraro, L. and Westerink, H.J. and Kennedy, A. and Smith, J.M. and Powell, M.D. and Cardone, V.J. and Cox, A.T.},
  date = {2013},
  title = {U.S},
  volume = {118},
  pages = {5129–5172,},
  doi = {10.1002/jgrc.20376.},
  journal = {IOOS Coastal & Ocean Modeling Testbed: Inter-Model Evaluation of Tides, Waves, and Hurricane Surge in the Gulf of Mexico}
}
@article{nwogu2010a,
  author = {Nwogu, O. and Demirbilek, Z.},
  date = {2010},
  title = {Infragravity Wave Motions and Runup over Shallow Fringing Reefs},
  volume = {136},
  pages = {295–305},
  journal = {J. Waterway, Port, Coastal and Ocean Eng.-ASCE}
}
@article{rego2010a,
  author = {Rego, J.L. and Li, C.Y.},
  date = {2010},
  title = {Storm surge propagation in Galveston Bay during Hurricane Ike},
  volume = {82},
  pages = {265–279},
  journal = {Journal of Marine Systems},
  number = {4}
}
@article{roelvink2009a,
  author = {Roelvink, D. and Reniers, A. and Dongeren, A. and Vries, J.V. and McCall, R. and Lescinski, J.},
  date = {2009},
  title = {Modelling storm impacts on beaches, dunes, and barrier islands},
  volume = {56},
  pages = {1133–1152},
  journal = {Coastal Engineering},
  number = {11-12}
}
@inproceedings{smith2018a,
  author = {Smith, J.M. and Hesser, T. and Roland, A. and Bryant, M.},
  date = {2018},
  title = {Validation of unstructured Wavewatch III for nearshore waves},
  editor = {Lynett, P.},
  publisher = {Coastal Eng},
  url = {https://journals.tdl.org/icce/index.php/icce/article/view/8324},
  booktitle = {Proc. 36th Conf},
  address = {Baltimore, ASCE}
}
@article{vousdoukas2016a,
  author = {Vousdoukas, M.I. and Voukouvalas, E. and Annunziato, A. and Giardino, A. and Feyen, L.},
  date = {2016},
  title = {Projections of extreme storm surge levels along Europe},
  volume = {47},
  pages = {3171–3190},
  journal = {Climate Dynamics},
  number = {9}
}
@inproceedings{zhang2017a,
  author = {Zhang, K./ Li and Y. and Zachry, B.},
  date = {2017},
  title = {Transition of the Coastal and Estuarine Storm Tide Model to an Operational Model for Forecasting Storm Surges},
  url = {https://ams.confex.com/ams/33HURRICANE/webprogram/Paper340466.html},
  booktitle = {Abstracts, 33rd Conference on Hurricanes and Tropical Meteorology},
  address = {Ponte Vedra, Paper7B.4}
}
@article{zijlema2010a,
  author = {Zijlema, M.},
  date = {2010},
  title = {Computation of wind-wave spectra in coastal waters with SWAN on unstructured grids},
  volume = {57},
  pages = {267–277},
  journal = {Coastal Engineering}
}
@misc{t-a,
  author = {T.O.D.O.},
  title = {Not all of the references below belong to this chapter}
}
@article{anastasopoulos2007a,
  author = {Anastasopoulos, I. and Gazetas, G.},
  date = {2007},
  title = {Foundation–structure systems over a rupturing normal fault: Part II. Analysis of the Kocaeli case histories},
  volume = {5},
  pages = {277–301},
  journal = {Bulletin of Earthquake Engineering}
}
@article{anastasopoulos2008a,
  author = {Anastasopoulos, I. and Callerio, A. and Bransby, M. and Davies, M. and El Nahas, A. and Faccioli, E. and Gazetas, G. and Masella, A. and Paolucci, R. and Pecker, A.},
  date = {2008},
  title = {Numerical analyses of fault–foundation interaction},
  volume = {6},
  pages = {645–675},
  journal = {Bulletin of Earthquake Engineering}
}
@misc{unknown-b,
  url = {ADCIRC:}
}
@article{ancheta2014a,
  author = {Ancheta, T.D. and Darragh, R.B. and Stewart, J.P. and Seyhan, E. and Silva, W.J. and Chiou, B.S.-J. and Wooddell, K.E. and Graves, R.W. and Kottke, A.R. and Boore, D.M. and Kishida, T. and Donahue, J.L.},
  title = {NGA-West2 Database},
  volume = {30},
  pages = {989–1005,},
  date = {2014},
  journal = {Earthquake Spectra},
  number = {3}
}
@article{andrus2000a,
  author = {Andrus, R.D. and Stokoe II, K.H.},
  date = {2000},
  title = {Liquefaction resistance of soils from shear-wave velocity},
  volume = {126},
  pages = {1015–1025},
  journal = {Journal of Geotechnical and Geoenvironmental Engineering}
}
@article{barbato2013a,
  author = {Barbato, M. and Petrini, F. and Unnikrishnan, V.U. and Ciampoli, M.},
  date = {2013},
  title = {Performance-Based Hurricane Engineering (PBHE) framework},
  volume = {45},
  pages = {24–35},
  journal = {Structural Safety}
}
@article{berrill1983a,
  author = {Berrill, J.},
  date = {1983},
  title = {Two-dimensional analysis of the effect of fault rupture on buildings with shallow foundations},
  volume = {2},
  pages = {156–160},
  journal = {International Journal of Soil Dynamics and Earthquake Engineering}
}
@article{j2008a,
  author = {J.J., Bommer and F, Scherbaum},
  date = {2008},
  title = {The Use and misuse of Logic Trees in Probabilistic Seismic Hazard Analysis},
  volume = {24},
  pages = {997–1009},
  journal = {Earthquake Spectra}
}
@article{boulanger2015a,
  author = {Boulanger, R. and Ziotopoulou, K.},
  date = {2015},
  title = {PM4Sand (Version 3): A sand plasticity model for earthquake engineering applications},
  volume = {},
  publisher = {Department of Civil and Environmental Engineering, University of California},
  journal = {Center for Geotechnical Modeling Report},
  number = {UCD/CGM-15/01},
  address = {Davis, Calif}
}
@article{bransby2008a,
  author = {Bransby, M. and Davies, M. and Nahas, A.E.},
  date = {2008},
  title = {Centrifuge modelling of normal fault–foundation interaction},
  volume = {6},
  pages = {585–605},
  journal = {Bulletin of Earthquake Engineering}
}
@article{bransby2008b,
  author = {Bransby, M. and Davies, M. and El Nahas, A. and Nagaoka, S.},
  date = {2008},
  title = {Centrifuge modelling of reverse fault–foundation interaction},
  volume = {6},
  pages = {607–628},
  journal = {Bulletin of Earthquake Engineering}
}
@incollection{bray2001a,
  author = {Bray, J.D.},
  date = {2001},
  title = {Developing mitigation measures for the hazards associated with earthquake surface fault rupture},
  publisher = {University of Tokyo Press},
  pages = {55–79},
  booktitle = {Workshop on Seismic Fault-Induced Failures—Possible Remedies for Damage to Urban Facilities}
}
@incollection{bray2017a,
  author = {Bray, J.D. and Boulanger, R.W. and Cubrinovski, M. and Tokimatsu, K. and Kramer, S.L. and O’Rourke, T. and Rathje, E. and Green, R.A. and Robertson, P.K. and Beyzaei, C.Z.},
  date = {2017},
  title = {U.S},
  publisher = {Pacific Earthquake Engineering Research Center},
  booktitle = {– New Zealand – Japan International Workshop on “Liquefaction-Induced Ground Movements Effects (University of California},
  address = {Berkeley}
}
@article{bray2007a,
  author = {Bray, J.D. and Travasarou, T.},
  date = {2007},
  title = {Simplified procedure for estimating earthquake-induced deviatoric slope displacements},
  volume = {133},
  pages = {381–392},
  journal = {Journal of Geotechnical and Geoenvironmental Engineering}
}
@article{bray2009a,
  author = {Bray, J.D. and Travasarou, T.},
  date = {2009},
  title = {Pseudostatic coefficient for use in simplified seismic slope stability evaluation},
  volume = {135},
  pages = {1336–1340},
  journal = {Journal of Geotechnical and Geoenvironmental Engineering}
}
@article{bray2017b,
  author = {Bray, J.D. and Macedo, J. and Travasarou, T.},
  date = {2017},
  title = {Simplified Procedure for Estimating Seismic Slope Displacements for Subduction Zone Earthquakes},
  volume = {144},
  pages = {04017124},
  journal = {Journal of Geotechnical and Geoenvironmental Engineering}
}
@article{byrne2004a,
  author = {Byrne, P.M. and Park, S.-S. and Beaty, M. and Sharp, M. and Gonzalez, L. and Abdoun, T.},
  date = {2004},
  title = {Numerical modeling of liquefaction and comparison with centrifuge tests},
  volume = {41},
  pages = {193–211},
  journal = {Canadian Geotechnical Journal}
}
@article{cetin2004a,
  author = {Cetin, K.O. and Seed, R.B.},
  date = {2004},
  title = {Nonlinear shear mass participation factor (rd) for cyclic shear stress ratio evaluation},
  volume = {24},
  pages = {103–113},
  journal = {Soil Dynamics and Earthquake Engineering}
}
@article{chavas2016a,
  author = {Chavas, D.R. and Lin, N.},
  date = {2016},
  title = {A Model for the Complete Radial Structure of the Tropical Cyclone Wind Field. Part II: Wind Field Variability},
  volume = {73},
  pages = {3093–3113},
  journal = {Journal of the Atmospheric Sciences},
  number = {8}
}
@article{chavas2015a,
  author = {Chavas, D.R. and Lin, N. and Emanuel, K.},
  date = {2015},
  title = {A Model for the Complete Radial Structure of the Tropical Cyclone Wind Field. Part I: Comparison with Observed Structure},
  volume = {72},
  pages = {3647–3662},
  journal = {Journal of the Atmospheric Sciences},
  number = {9}
}
@article{chen2018a,
  author = {Chen, Y. and Duan, Z.},
  date = {2018},
  title = {A statistical dynamics track model of tropical cyclones for assessing typhoon wind hazard in the coast of southeast China},
  volume = {172},
  pages = {325–340},
  journal = {Journal of Wind Engineering and Industrial Aerodynamics}
}
@book{chow1971a,
  author = {Chow, S.-h},
  date = {1971},
  title = {A Study of the Wind Field in the Planetary Boundary Layer of a Moving Tropical Cyclone},
  publisher = {Master of Science, New York University},
  address = {New York, N.Y}
}
@article{chuang2019a,
  author = {Chuang, W.-C. and Spence, S.M.J.},
  date = {2019},
  title = {An efficient framework for the inelastic performance assessment of structural systems subject to stochastic wind loads},
  volume = {179},
  pages = {92–105},
  journal = {Engineering Structures}
}
@article{cole1984a,
  author = {Cole Jr, D.A. and Lade, P.V.},
  date = {1984},
  title = {Influence zones in alluvium over dip-slip faults},
  volume = {110},
  pages = {599–615},
  journal = {Journal of Geotechnical Engineering}
}
@inproceedings{crouse2018a,
  author = {Crouse, C. and H., J.T. and Milner, K.R. and Goulet, C.A. and Callaghan, S. and Graves, R.W.},
  title = {Site-Specific MCER Response Spectra for Los Angeles Region based on 3-D Numerical Simulations and the NGA West2 Equations},
  date = {2018},
  booktitle = {11th National Conference in Earthquake Engineering},
  address = {Los Angeles}
}
@article{cornell1968a,
  author = {Cornell, C.A.},
  date = {1968},
  title = {Engineering seismic risk analysis, Bull},
  volume = {58},
  pages = {1583–1606},
  journal = {Seism. Soc. Am}
}
@article{c1999a,
  author = {C.A., Cornell and P, Bazzurro},
  date = {1999},
  title = {Disaggregation of seismic hazard, Bull},
  volume = {89},
  pages = {501–520},
  journal = {Seism. Soc. Am}
}
@misc{cubrinovski2011a,
  author = {Cubrinovski, M. and Bradley, B. and Wotherspoon, L. and Green, R. and Bray, J. and Wood, C. and Pender, M. and Allen, J. and Bradshaw, A. and Rix, G.},
  date = {2011},
  title = {Geotechnical Aspects of the 22 February 2011 Christchurch Earthquake}
}
@misc{cubrinovski2017a,
  author = {},
  date = {2017},
  title = {Liquefaction Effects and Associated Damages Observed at the Wellington CentrePort from the 2016 Kaikoura Earthquake}
}
@article{danciu2017a,
  author = {Danciu, L. and Şeşetyan, K. and Demircioglu, M.},
  date = {2017},
  title = {The 2014 Earthquake Model of the Middle East: seismogenic sources},
  volume = {16},
  pages = {3465},
  journal = {Bull Earthquake Eng}
}
@article{davis2008a,
  author = {Davis, C. and Wang, W. and Chen, S.S. and Chen, Y. and Corbosiero, K. and DeMaria, M. and Dudhia, J. and Holland, G. and Klemp, J. and Michalakes, J. and Reeves, H. and Rotunno, R. and Snyder, C. and Xiao, Q.},
  date = {2008},
  title = {Prediction of Landfalling Hurricanes with the Advanced Hurricane WRF Model},
  volume = {136},
  pages = {1990–2005},
  journal = {Monthly Weather Review},
  number = {6}
}
@techreport{demirbilek2009a,
  author = {Demirbilek, Z. and Nwogu, O.G. and Ward, D.L. and Sanchez, A. and A.},
  date = {2009},
  title = {Wave transformation over reefs: evaluation of one dimensional numerical models},
  institution = {US Army Corps of Engineers},
  type = {Report ERDC/CHL TR-09-1,}
}
@misc{douglas2018a,
  author = {Douglas, J.},
  date = {2018},
  title = {Ground Motion Prediction Equations 1964-2018, Dept. of Civil and Env},
  publisher = {University of Strathclyde},
  type = {Engineering,},
  address = {Glasgow, UK}
}
@inproceedings{cui2010a,
  author = {Cui, Y. and Olsen, K.B. and Jordan, T.H. and Lee, K. and Zhou, J. and Small, P. and Roten, D. and Ely, G. and Panda, D.K. and Chourasia, A. and Levesque, J. and Day, S.M. and Maechling, P.},
  title = {Scalable Earthquake Simulation on Petascale Supercomputers},
  date = {2010},
  booktitle = {Proceedings of the 2010 ACM/IEEE International Conference for High Performance Computing, Networking, Storage and Analysis},
  address = {New Orleans, LA}
}
@book{emanuel2004a,
  author = {Emanuel, K.},
  date = {2004},
  title = {Tropical cyclone energetics and structure." Atmospheric Turbulence and Mesoscale Meteorology: Scientific Research Inspired by},
  editor = {Doug Lilly, B.Stevens and Fedorovich, E. and Rotunno, R.},
  publisher = {Cambridge University Press},
  pages = {165–192},
  address = {Cambridge}
}
@article{emanuel2005a,
  author = {Emanuel, K.},
  date = {2005},
  title = {Increasing destructiveness of tropical cyclones over the past 30 years},
  volume = {436},
  pages = {686–688},
  journal = {Nature},
  number = {7051}
}
@article{emanuel2011a,
  author = {Emanuel, K.},
  date = {2011},
  title = {Self-Stratification of Tropical Cyclone Outflow. Part II: Implications for Storm Intensification},
  volume = {69},
  pages = {988–996},
  journal = {Journal of the Atmospheric Sciences},
  number = {3}
}
@article{emanuel2017a,
  author = {Emanuel, K.},
  date = {2017},
  title = {A fast intensity simulator for tropical cyclone risk analysis},
  volume = {88},
  pages = {779–796},
  journal = {Natural Hazards},
  number = {2}
}
@article{emanuel2004b,
  author = {Emanuel, K. and DesAutels, C. and Holloway, C. and Korty, R.},
  date = {2004},
  title = {Environmental Control of Tropical Cyclone Intensity},
  volume = {61},
  pages = {843–858},
  journal = {Journal of the Atmospheric Sciences},
  number = {7}
}
@article{emanuel2006a,
  author = {Emanuel, K. and Ravela, S. and Vivant, E. and Risi, C.},
  date = {2006},
  title = {A Statistical Deterministic Approach to Hurricane Risk Assessment},
  volume = {87},
  pages = {299–314},
  journal = {Bull. Amer. Meteorol. Soc},
  number = {3}
}
@article{emanuel2011b,
  author = {Emanuel, K. and Rotunno, R.},
  date = {2011},
  title = {Self-Stratification of Tropical Cyclone Outflow. Part I: Implications for Storm Structure},
  volume = {68},
  pages = {2236–2249},
  journal = {Journal of the Atmospheric Sciences},
  number = {10}
}
@article{emanuel2008a,
  author = {Emanuel, K. and Sundararajan, R. and Williams, J.},
  date = {2008},
  title = {Hurricanes and Global Warming: Results from Downscaling IPCC AR4 Simulations},
  volume = {89},
  pages = {347–368},
  journal = {Bull. Amer. Meteorol. Soc},
  number = {3}
}
@article{emanuel1988a,
  author = {Emanuel, K.A.},
  date = {1988},
  title = {The Maximum Intensity of Hurricanes},
  volume = {45},
  pages = {1143–1155},
  journal = {Journal of the Atmospheric Sciences},
  number = {7}
}
@article{e1983a,
  author = {E.S.D.U.},
  date = {1983},
  title = {Strong winds in the atmospheric boundary layer, part 2: discrete gust speeds},
  volume = {},
  journal = {Engineering Sciences Data Unit Item},
  number = {83045},
  address = {London, England}
}
@article{fang2018a,
  author = {Fang, G. and Zhao, L. and Cao, S. and Ge, Y. and Pang, W.},
  date = {2018},
  title = {A novel analytical model for wind field simulation under typhoon boundary layer considering multi-field correlation and height-dependency},
  volume = {175},
  pages = {77–89},
  journal = {Journal of Wind Engineering and Industrial Aerodynamics}
}
@article{fang2018b,
  author = {Fang, G. and Zhao, L. and Song, L. and Liang, X. and Zhu, L. and Cao, S. and Ge, Y.},
  date = {2018},
  title = {Reconstruction of radial parametric pressure field near ground surface of landing typhoons in Northwest Pacific Ocean},
  volume = {183},
  pages = {223–234},
  journal = {Journal of Wind Engineering and Industrial Aerodynamics}
}
@article{field2014a,
  author = {Field, E.H. and Arrowsmith, R.J. and Biasi, G.P. and Bird, P. and Dawson, T.E. and Felzer, K.R. and Jackson, D.D. and Johnson, K.M. and Jordan, T.H. and Madden, C. and Michael, A.J. and Milner, K.R. and Page, M.T. and Parsons, T. and Powers, P.M.},
  title = {Uniform California Earthquake Rupture Forecast, Version 3 (UCERF3)—The Time‐Independent Model},
  volume = {104},
  pages = {1122–1180,},
  date = {2014},
  journal = {Bulletin of the Seismological Society of America},
  number = {3}
}
@article{field2003a,
  author = {Field, E.H. and Jordan, T.H. and Cornell, C.A.},
  title = {OpenSHA: A Developing Community-Modeling Environment for Seismic Hazard Analysis},
  volume = {74},
  pages = {406–419,},
  date = {2003},
  journal = {Seismological Research Letters},
  number = {74}
}
@article{garcia2018a,
  author = {Garcia, F.E. and Bray, J.D.},
  date = {2018},
  title = {Distinct Element Simulations of Shear Rupture in Dilatant Granular Media},
  volume = {18},
  pages = {04018111},
  journal = {International Journal of Geomechanics}
}
@article{garcia2018b,
  author = {Garcia, F.E. and Bray, J.D.},
  date = {2018},
  title = {Distinct element simulations of earthquake fault rupture through materials of varying density},
  volume = {58},
  pages = {986–1000},
  journal = {Soils and Foundations}
}
@misc{j2018a,
  author = {J., Garcia and M., Pagani and L., Rodriguez and G, Weatherill},
  date = {2018},
  title = {Creation of a new PSHA input model for South America and calculation of results, GEM SARA Wiki},
  note = {Available at},
  url = {https://sara.openquake.org/hazard_rt7}
}
@thesis{georgiou1986a,
  author = {Georgiou, P.N.},
  date = {1986},
  title = {Design Wind Speeds In Tropical Cyclone-prone Regions},
  school = {University of Western Ontario},
  type = {Ph. D.,}
}
@article{giardini2014a,
  author = {Giardini, D. and J., Woessner and L, Danciu},
  date = {2014},
  title = {Mapping Europe’s Seismic Hazard},
  volume = {95},
  pages = {261–262},
  journal = {EOS},
  number = {29}
}
@incollection{c2017a,
  author = {C.A., Goulet and Y., Bozorgnia and N., Kuehn and L.A., Atik and R.R., Youngs and R.W., Graves and G.M, Atkinson},
  date = {2017},
  title = {NGA-East Ground-Motion Models for the U.S},
  booktitle = {Geological Survey National Seismic Hazard Maps, PEER Report No. 2017/03, Pacific Earthquake Engineering Research},
  address = {Center, UC Berkeley, California, US}
}
@article{hamid2010a,
  author = {Hamid, S. and Golam Kibria, B.M. and Gulati, S. and Powell, M. and Annane, B. and Cocke, S. and Pinelli, J.-P. and Gurley, K. and Chen, S.-C.},
  date = {2010},
  title = {Predicting losses of residential structures in the state of Florida by the public hurricane loss evaluation model},
  volume = {7},
  pages = {552–573},
  journal = {Statistical Methodology},
  number = {5}
}
@article{holland2008a,
  author = {Holland, G.},
  date = {2008},
  title = {A Revised Hurricane Pressure–Wind Model},
  volume = {136},
  pages = {3432–3445},
  journal = {Monthly Weather Review},
  number = {9}
}
@article{holland1980a,
  author = {Holland, G.J.},
  date = {1980},
  title = {An Analytic Model of the Wind and Pressure Profiles in Hurricanes},
  volume = {108},
  pages = {1212–1218},
  journal = {Monthly Weather Review},
  number = {8}
}
@article{holland2010a,
  author = {Holland, G.J. and Belanger, J.I. and Fritz, A.},
  date = {2010},
  title = {A Revised Model for Radial Profiles of Hurricane Winds},
  volume = {138},
  pages = {4393–4401},
  journal = {Monthly Weather Review},
  number = {12}
}
@article{hu2017a,
  author = {Hu, L. and Xu, Y.-L. and Zhu, Q. and Guo, A. and Kareem, A.},
  date = {2017},
  title = {Tropical Storm–Induced Buffeting Response of Long-Span Bridges: Enhanced Nonstationary Buffeting Force Model},
  volume = {143},
  pages = {04017027},
  journal = {Journal of Structural Engineering},
  number = {6}
}
@article{huang2013a,
  author = {Huang, W.F. and Xu, Y.L.},
  date = {2013},
  title = {Prediction of typhoon design wind speed and profile over complex terrain},
  volume = {45},
  pages = {1–18},
  journal = {Struct. Eng. Mech},
  number = {1}
}
@book{hynes-griffin1984a,
  author = {Hynes-Griffin, M.E. and Franklin, A.G.},
  date = {1984},
  title = {Rationalizing the Seismic Coefficient Method},
  publisher = {Army Engineer Waterways Experiment Station Vicksburg Ms Geotechnical Lab}
}
@inproceedings{idriss1999a,
  author = {Idriss, I.},
  date = {1999},
  title = {An update to the Seed-Idriss simplified procedure for evaluating liquefaction potential},
  pages = {– –99–165,},
  publisher = {Federal Highway Administration},
  booktitle = {Proc., TRB Worshop on New Approaches to Liquefaction}
}
@article{idriss2014a,
  author = {Idriss, I. and Boulanger, R.},
  date = {2014},
  title = {CPT and SPT based Liquefaction Triggering Procedures},
  journal = {Centre for Geotechnical Modelling}
}
@book{idriss2008a,
  author = {Idriss, I.M. and Boulanger, R.W.},
  date = {2008},
  title = {Soil Liquefaction during Earthquakes},
  publisher = {Earthquake Engineering Research Institute}
}
@inproceedings{ishihara2005a,
  author = {Ishihara, T. and Siang, K.K. and Leong, C.C. and Fujino, Y.},
  date = {2005},
  title = {Wind Field Model and Mixed Probability Distribution Function for Typhoon Simulation},
  booktitle = {The Sixth Asia-Pacific Conference on Wind Engineering (APCWE-VI)Seoul},
  address = {Korea}
}
@article{jacob2011a,
  author = {Jacob, K. and Deodatis, G. and Atlas, J. and Whitcomb, M. and Lopeman, M. and Markogiannaki, O. and Kennett, Z. and Morla, A. and Leichenko, R. and Vancura, P.},
  date = {2011},
  title = {Responding to Climate Change in New York State: The ClimAID Integrated Assessment for Effective Climate Change Adaptation in New York State: Transportation},
  volume = {1244},
  pages = {299–362},
  journal = {Annals of the New York Academy of Sciences},
  number = {1}
}
@article{g2013a,
  author = {G., Jia and Taflanidis, A.A.},
  date = {2013},
  title = {Kriging metamodeling for approximation of high-dimensional wave and surge responses in real-time storm/hurricane risk assessment},
  volume = {261-262},
  pages = {24–38},
  journal = {Computer Methods in Applied Mechanics and Engineering}
}
@article{g2015a,
  author = {G., Jia and Taflanidis, A.A. and Nadal-Caraballo, N.C. and Melby, J. and Kennedy, A. and Smith, J.},
  date = {2015},
  title = {Surrogate modeling for peak and time dependent storm surge prediction over an extended coastal region using an existing database of synthetic storms},
  volume = {81},
  pages = {909–938},
  journal = {Natural Hazards}
}
@article{jibson2007a,
  author = {Jibson, R.W.},
  date = {2007},
  title = {Regression models for estimating coseismic landslide displacement},
  volume = {91},
  pages = {209–218},
  journal = {Engineering Geology}
}
@article{kareem2018a,
  author = {Kareem, A. and Hu, L. and Guo, Y. and Kwon, D.K.},
  date = {2018},
  title = {Generalized wind loading chain: A time-frequency modeling framework for nonstationary winds effects on structures},
  note = {ASCE, Submitted.},
  journal = {Journal of Structural Engineering}
}
@incollection{kavazanjian2016a,
  author = {Kavazanjian, E. and Andrade, J. and Arulmoli, K.A. and Atwater, B.F. and Christian, J.T. and Green, R. and Kramer, S.L. and Mejia, L. and Mitchell, J.K. and Rathje, E.},
  date = {2016},
  publisher = {The National Academies Press},
  booktitle = {State of the Art and Practice in the Assessment of Earthquake-Induced Soil Liquefaction and Its Consequences},
  address = {Washington, DC}
}
@article{kayen2013a,
  author = {Kayen, R. and Moss, R. and Thompson, E. and Seed, R. and Cetin, K. and Kiureghian, A.D. and Tanaka, Y. and Tokimatsu, K.},
  date = {2013},
  title = {Shear-wave velocity–based probabilistic and deterministic assessment of seismic soil liquefaction potential},
  volume = {139},
  pages = {407–419},
  journal = {Journal of Geotechnical and Geoenvironmental Engineering}
}
@article{kennedy2011a,
  author = {Kennedy, A.B. and Gravois, U. and Zachry, B.C. and Westerink, J.J. and Hope, M.E. and Dietrich, J.C. and Powell, M.D. and Cox, A.T. and Luettich, R.L. and Dean, R.G.},
  date = {2011},
  title = {Origin of the Hurricane Ike forerunner surge},
  volume = {L08805},
  journal = {Geophysical Research Letters}
}
@article{kennedy2012a,
  author = {Kennedy, A.B. and Westerink, J.J. and Smith, J. and Taflanidis, A.A. and Hope, M. and Hartman, M. and Tanaka, S. and Westerink, H. and Cheung, K.F. and Smith, T. and Hamman, M. and Minamide, M. and Ota, A.},
  date = {2012},
  title = {Tropical cyclone inundation potential on the Hawaiian islands of Oahu and Kauai},
  volume = {52-53},
  pages = {54–68},
  journal = {Ocean Modelling}
}
@article{kepert2001a,
  author = {Kepert, J.},
  date = {2001},
  title = {The Dynamics of Boundary Layer Jets within the Tropical Cyclone Core. Part I: Linear Theory},
  volume = {58},
  pages = {2469–2484},
  journal = {Journal of the Atmospheric Sciences},
  number = {17}
}
@article{kepert2001b,
  author = {Kepert, J. and Wang, Y.},
  date = {2001},
  title = {The Dynamics of Boundary Layer Jets within the Tropical Cyclone Core. Part II: Nonlinear Enhancement},
  volume = {58},
  pages = {2485–2501},
  journal = {Journal of the Atmospheric Sciences},
  number = {17}
}
@article{kepert2006a,
  author = {Kepert, J.D.},
  date = {2006},
  title = {Observed Boundary Layer Wind Structure and Balance in the Hurricane Core. Part II: Hurricane Mitch},
  volume = {63},
  pages = {2194–2211},
  journal = {Journal of the Atmospheric Sciences},
  number = {9}
}
@article{kepert2010a,
  author = {Kepert, J.D.},
  date = {2010},
  title = {Slab‐ and height‐resolving models of the tropical cyclone boundary layer. Part I: Comparing the simulations},
  volume = {136},
  pages = {1686–1699},
  journal = {Quarterly Journal of the Royal Meteorological Society},
  number = {652}
}
@article{kepert2010b,
  author = {Kepert, J.D.},
  date = {2010},
  title = {Slab‐ and height‐resolving models of the tropical cyclone boundary layer. Part II: Why the simulations differ},
  volume = {136},
  pages = {1700–1711},
  journal = {Quarterly Journal of the Royal Meteorological Society},
  number = {652}
}
@article{kepert2011a,
  author = {Kepert, J.D.},
  date = {2011},
  title = {Choosing a Boundary Layer Parameterization for Tropical Cyclone Modeling},
  volume = {140},
  pages = {1427–1445},
  journal = {Monthly Weather Review},
  number = {5}
}
@article{kepert2013a,
  author = {Kepert, J.D.},
  date = {2013},
  title = {How Does the Boundary Layer Contribute to Eyewall Replacement Cycles in Axisymmetric Tropical Cyclones?},
  volume = {70},
  pages = {2808–2830},
  journal = {Journal of the Atmospheric Sciences},
  number = {9}
}
@article{kepert2014a,
  author = {Kepert, J.D. and Nolan, D.S.},
  date = {2014},
  title = {Reply to “Comments on ‘How Does the Boundary Layer Contribute to Eyewall Replacement Cycles in Axisymmetric Tropical Cyclones?’”},
  volume = {71},
  pages = {4692–4704},
  journal = {Journal of the Atmospheric Sciences},
  number = {12}
}
@article{kijewski-correa2014a,
  author = {Kijewski-Correa, T. and Smith, N. and Taflanidis, A. and Kennedy, A. and Liu, C. and Krusche, M. and Vardeman, C.},
  title = {CyberEye: Development of integrated cyber-infrastructure to support rapid hurricane risk assessment},
  volume = {133},
  pages = {211–224,},
  date = {2014},
  journal = {Journal of Wind Engineering and Industrial Aerodynamics}
}
@article{kwon2009a,
  author = {Kwon, D.-K. and Kareem, A.},
  date = {2009},
  title = {Gust-Front Factor: A New Framework for Wind Load Effects on Structures},
  journal = {Journal of Structural Engineering, ASCE}
}
@thesis{langousis2008a,
  author = {Langousis, A.},
  date = {2008},
  title = {Extreme Rainfall Intensities and Long-term Rainfall Risk from Tropical Cyclones},
  school = {Massachusetts Institute of Technology},
  type = {Ph. D.,}
}
@article{lauren2014a,
  author = {Lauren, M. and Yue, W. and Chris, L. and David, R.},
  date = {2014},
  title = {Assessing Climate Change Impact on the U.S. East Coast Hurricane Hazard: Temperature, Frequency, and Track},
  volume = {15},
  journal = {Natural Hazards Review},
  number = {3}
}
@book{leveque2002a,
  author = {LeVeque, R.},
  date = {2002},
  title = {Finite Volume Methods for Hyperbolic Problems, Cambridge Texts in Applied Mathematics},
  publisher = {Cambridge University Press}
}
@article{li2015a,
  author = {Li, L. and Kareem, A. and Hunt, J. and Xiao, Y. and Zhou, C. and Song, L.},
  date = {2015},
  title = {Turbulence Spectra for Boundary-Layer Winds in Tropical Cyclones: A Conceptual Framework and Field Measurements at Coastlines},
  volume = {154},
  pages = {243–263},
  journal = {Boundary-Layer Meteorol},
  number = {2}
}
@article{li2015b,
  author = {Li, L. and Kareem, A. and Xiao, Y. and Song, L. and Zhou, C.},
  date = {2015},
  title = {A comparative study of field measurements of the turbulence characteristics of typhoon and hurricane winds},
  volume = {140},
  pages = {49–66},
  journal = {Journal of Wind Engineering and Industrial Aerodynamics}
}
@article{li2016a,
  author = {Li, S.H. and Duan, Z.D. and Hong, H.P.},
  date = {2016},
  title = {Typhoon Wind Hazard Estimation and Mapping for Coastal Region in Mainland China},
  volume = {17},
  journal = {Natural Hazards Review},
  number = {2}
}
@article{li2015c,
  author = {Li, S.H. and Hong, H.P.},
  date = {2015},
  title = {Observations on a Hurricane Wind Hazard Model Used to Map Extreme Hurricane Wind Speed},
  volume = {141},
  pages = {04014238},
  journal = {Journal of Structural Engineering},
  number = {10}
}
@article{li2016b,
  author = {Li, S.H. and Hong, H.P.},
  date = {2016},
  title = {Typhoon wind hazard estimation for China using an empirical track model},
  volume = {82},
  pages = {1009–1029},
  journal = {Natural Hazards},
  number = {2}
}
@article{lin1986a,
  author = {Lin, J.-S. and Whitman, R.V.},
  date = {1986},
  title = {Earthquake induced displacements of sliding blocks},
  volume = {112},
  pages = {44–59},
  journal = {Journal of Geotechnical Engineering}
}
@article{lin2015a,
  author = {Lin, N.},
  date = {2015},
  title = {An Integrated Approach to Assess and Manage Hurricane Risk in a Changing Climate},
  volume = {45},
  pages = {46–51},
  journal = {The Bridge},
  number = {4}
}
@article{lin2012a,
  author = {Lin, N. and Chavas, D.},
  date = {2012},
  title = {On hurricane parametric wind and applications in storm surge modeling},
  volume = {117},
  journal = {Journal of Geophysical Research: Atmospheres},
  number = {D9}
}
@thesis{liu2014a,
  author = {Liu, F.},
  date = {2014},
  title = {Projections of Future US Design Wind Speeds cue to Climate Change for Estimating Hurricane Losses},
  school = {Clemson University},
  type = {Ph.D.,}
}
@article{liu1997a,
  author = {Liu, Y. and Zhang, D.-L. and Yau, M.K.},
  date = {1997},
  title = {A Multiscale Numerical Study of Hurricane Andrew},
  volume = {125},
  pages = {3073–3093},
  journal = {Monthly Weather Review},
  number = {12}
}
@article{r1992a,
  author = {R.A, Luettich and Westerink, J.J. and Scheffner, N.W.},
  date = {1992},
  title = {ADCIRC: An advanced three-dimensional circulation model for shelves, coasts, and estuaries},
  volume = {1},
  publisher = {U.S Army Engineers Waterways Experiment Station},
  journal = {Report},
  type = {Dredging Research Program Technical Report DRP-92-6,},
  address = {Vicksburg, MS}
}
@article{macedo2018a,
  author = {Macedo, J. and Bray, J. and Abrahamson, N. and Travasarou, T.},
  date = {2018},
  title = {Performance-Based Probabilistic Seismic Slope Displacement Procedure},
  volume = {34},
  pages = {673–695},
  journal = {Earthquake Spectra}
}
@article{p2015a,
  author = {P.J., Maechling and F., Silva and S., Callaghan and T.H, Jordan},
  title = {SCEC Broadband Platform: System Architecture and Software Implementation},
  volume = {86},
  date = {2015},
  journal = {Seismological Research Letters},
  number = {1}
}
@article{makdisi1978a,
  author = {Makdisi, F.I. and Seed, H.B.},
  date = {1978},
  title = {Simplified procedure for estimating dam and embankment earthquake-induced deformations},
  volume = {104},
  journal = {Journal of Geotechnical and Geoenvironmental Engineering}
}
@article{mandli2016a,
  author = {Mandli, K.T. and Ahmadia, A.J. and Berger, M. and Calhoun, D. and George, D.L. and Hadjimichael, Y. and Ketcheson, D.I. and Lemoine, G.I. and LeVeque, R.J.},
  date = {2016},
  title = {Clawpack: building an open source ecosystem for solving hyperbolic PDEs},
  volume = {2},
  journal = {J. Computer Science},
  number = {3}
}
@article{masters2010a,
  author = {Masters, F.J. and Vickery, P.J. and Bacon, P. and Rappaport, E.N.},
  date = {2010},
  title = {TOWARD OBJECTIVE, STANDARDIZED INTENSITY ESTIMATES FROM SURFACE WIND SPEED OBSERVATIONS},
  volume = {91},
  pages = {1665–1681},
  journal = {Bull. Amer. Meteorol. Soc},
  number = {12}
}
@article{meng1995a,
  author = {Meng, Y. and Matsui, M. and Hibi, K.},
  date = {1995},
  title = {An analytical model for simulation of the wind field in a typhoon boundary layer},
  volume = {56},
  pages = {291–310},
  journal = {Journal of Wind Engineering and Industrial Aerodynamics},
  number = {2}
}
@article{meng1997a,
  author = {Meng, Y. and Matsui, M. and Hibi, K.},
  date = {1997},
  title = {A numerical study of the wind field in a typhoon boundary layer},
  volume = {67-68},
  pages = {437–448},
  journal = {Journal of Wind Engineering and Industrial Aerodynamics}
}
@article{montgomery2014a,
  author = {Montgomery, M.T. and Abarca, S.F. and Smith, R.K. and Wu, C.-C. and Huang, Y.-H.},
  date = {2014},
  title = {Comments on “How Does the Boundary Layer Contribute to Eyewall Replacement Cycles in Axisymmetric Tropical Cyclones?”},
  volume = {71},
  pages = {4682–4691},
  journal = {Journal of the Atmospheric Sciences},
  number = {12}
}
@article{moss2011a,
  author = {Moss, R.E.S. and Ross, Z.E.},
  date = {2011},
  title = {Probabilistic fault displacement hazard analysis for reverse faults},
  volume = {101},
  pages = {1542–1553},
  journal = {Bulletin of the Seismological Society of America}
}
@inproceedings{mudd2015a,
  author = {Mudd, L. and Vickery, P. and Sarathi, P.},
  date = {2015},
  title = {Development of a New Synthetic Hurricane Model for Deriving MetOcean Design Criteria for the Gulf of Mexico},
  booktitle = {Offshore Technology Conference, Offshore Technology Conference},
  address = {Houston, Texas, USA}
}
@inproceedings{mudd2015b,
  author = {Mudd, L. and P.J, Vickery},
  date = {2015},
  title = {Advancements in Synthetic Hurricane Track Modeling in the Gulf of Mexico},
  booktitle = {14th International Conference on Wind Engineering,Porto},
  address = {Alegre, Brazil}
}
@article{c2015a,
  author = {C.S., Mueller and O.S., Boyd and M.D., Petersen and M.P., Moschetti and S., Rezaeian and A.M, Shumway},
  date = {2015},
  title = {Siesmic Hazard in the Eastern United States},
  volume = {31},
  pages = {85–107},
  journal = {Earthquake Spectra}
}
@book{n2015a,
  author = {N.C, Nadal‐Caraballo and Melby, J.A. and Gonzalez, V.M. and Cox, A.T.},
  date = {2015},
  title = {North Atlantic Coast Comprehensive Study – Coastal Storm Hazards from Virginia to Maine, ERDC/CHL TR-15-5 U.S},
  publisher = {Army Engineer Research and Development Center},
  address = {Vicksburg, MS}
}
@misc{njcoast-a,
  author = {NJcoast},
  title = {Storm Hazard Projection Tool},
  url = {https://njcoast.us/documents/170/download/}
}
@techreport{njcoast2018a,
  author = {NJcoast},
  date = {2018},
  url = {https://njcoast.us/documents/164/download/},
  type = {Implementation Report,}
}
@misc{data2018a,
  author = {Data, N.O.A.A.Reanalysis},
  date = {2018},
  url = {},
  note = {Accessed: 11/14/2018}
}
@article{oettle2016a,
  author = {Oettle, N.K. and Bray, J.D.},
  date = {2016},
  title = {Numerical Procedures for Simulating Earthquake Fault Rupture Propagation},
  volume = {17},
  pages = {04016025},
  journal = {International Journal of Geomechanics}
}
@article{oettle2015a,
  author = {Oettle, N.K. and Bray, J.D. and Dreger, D.S.},
  date = {2015},
  title = {Dynamic effects of surface fault rupture interaction with structures},
  volume = {72},
  pages = {37–47},
  journal = {Soil Dynamics and Earthquake Engineering}
}
@misc{unknown-c,
  note = {OpenFOAM:},
  url = {https://www.openfoam.com/}
}
@article{m2013a,
  author = {M., Ordaz and F., Martinelli and V., D.’Amico and C, Meletti},
  date = {2013},
  title = {CRISIS2008: A flexible tool to perform probabilistic seismic hazard assessment},
  volume = {84},
  doi = {10.1785/0220120067},
  pages = {495–504},
  journal = {Seismological Research Letters}
}
@article{n2017a,
  author = {N., Petersson and B, Sjogreen},
  title = {SW4, version 2.01 [software},
  date = {2017},
  note = {Online]. Available:},
  url = {https://doi.org/10.5281/zenodo.1063644.},
  doi = {10.5281/zenodo.1063644.},
  journal = {Computational Infrastructure of Geodynamics}
}
@article{petersen2011a,
  author = {Petersen, M.D. and Dawson, T.E. and Chen, R. and Cao, T. and Wills, C.J. and Schwartz, D.P. and Frankel, A.D.},
  date = {2011},
  title = {Fault displacement hazard for strike-slip faults},
  volume = {101},
  pages = {805–825},
  journal = {Bulletin of the Seismological Society of America}
}
@article{powell2005a,
  author = {Powell, M. and Soukup, G. and Cocke, S. and Gulati, S. and Morisseau-Leroy, N. and Hamid, S. and Dorst, N. and Axe, L.},
  date = {2005},
  title = {State of Florida hurricane loss projection model: Atmospheric science component},
  volume = {93},
  pages = {651–674},
  journal = {Journal of Wind Engineering and Industrial Aerodynamics},
  number = {8}
}
@article{powell2003a,
  author = {Powell, M.D. and Vickery, P.J. and Reinhold, T.A.},
  date = {2003},
  title = {Reduced drag coefficient for high wind speeds in tropical cyclones},
  volume = {422},
  pages = {279},
  journal = {Nature}
}
@article{rathje2011a,
  author = {Rathje, E.M. and Antonakos, G.},
  date = {2011},
  title = {A unified model for predicting earthquake-induced sliding displacements of rigid and flexible slopes},
  volume = {122},
  pages = {51–60},
  journal = {Engineering Geology}
}
@article{rathje2000a,
  author = {Rathje, E.M. and Bray, J.D.},
  date = {2000},
  title = {Nonlinear coupled seismic sliding analysis of earth structures},
  volume = {126},
  pages = {1002–1014},
  journal = {Journal of Geotechnical and Geoenvironmental Engineering}
}
@article{rathje2014a,
  author = {Rathje, E.M. and Wang, Y. and Stafford, P.J. and Antonakos, G. and Saygili, G.},
  date = {2014},
  title = {Probabilistic assessment of the seismic performance of earth slopes},
  volume = {12},
  pages = {1071–1090},
  journal = {Bulletin of Earthquake Engineering}
}
@article{resio2008a,
  author = {Resio, D.T. and Westerink, J.J.},
  title = {Modeling of the physics of storm surges},
  volume = {61},
  pages = {33–38,},
  date = {2008},
  journal = {Physics Today}
}
@article{robertson1998a,
  author = {Robertson, P.K. and Wride, C.E.},
  date = {1998},
  title = {Evaluating cyclic liquefaction potential using the cone penetration test},
  volume = {35},
  pages = {442–459},
  journal = {Canadian Geotechnical Journal}
}
@thesis{russell1969a,
  author = {Russell, L.R.},
  date = {1969},
  title = {Probability Distributions for Texas Gulf Coast Hurricane Effects of Engineering Interest},
  school = {Stanford University, Ann Arbor},
  type = {6917449 Ph.D.,}
}
@article{saygili2008a,
  author = {Saygili, G. and Rathje, E.M.},
  date = {2008},
  title = {Empirical predictive models for earthquake-induced sliding displacements of slopes},
  volume = {134},
  pages = {790–803},
  journal = {Journal of Geotechnical and Geoenvironmental Engineering}
}
@article{seed1979a,
  author = {Seed, H.B.},
  date = {1979},
  title = {Considerations in the earthquake-resistant design of earth and rockfill dams},
  volume = {29},
  pages = {215–263},
  journal = {Geotechnique}
}
@article{seed1971a,
  author = {Seed, H.B. and Idriss, I.M.},
  date = {1971},
  title = {Simplified procedure for evaluating soil liquefaction potential},
  journal = {Journal of Soil Mechanics & Foundations Div}
}
@article{shapiro1983a,
  author = {Shapiro, L.J.},
  date = {1983},
  title = {The Asymmetric Boundary layer Flow Under a Translating Hurricane},
  volume = {40},
  pages = {1984–1998},
  journal = {Journal of the Atmospheric Sciences},
  number = {8}
}
@misc{unknown-d,
  note = {SLOSH:},
  url = {https://www.nhc.noaa.gov/surge/slosh.php}
}
@book{j2001a,
  author = {J.M, Smith and Sherlock, A.R. and Resio, D.T.},
  date = {2001},
  title = {STWAVE: Steady-state spectral wave model user's manual for STWAVE, Version 3.0},
  publisher = {DTIC Document}
}
@article{smith1968a,
  author = {Smith, R.K.},
  date = {1968},
  title = {The surface boundary layer of a hurricane},
  volume = {20},
  pages = {473–484},
  journal = {Tellus},
  number = {3}
}
@article{smith2014a,
  author = {Smith, R.K. and Montgomery, M.T. and Thomsen, G.L.},
  date = {2014},
  title = {Sensitivity of tropical-cyclone models to the surface drag coefficient in different boundary-layer schemes},
  volume = {140},
  pages = {792–804},
  journal = {Quarterly Journal of the Royal Meteorological Society},
  number = {680}
}
@article{smith2008a,
  author = {Smith, R.K. and Montgomery, M.T. and Vogl, S.},
  date = {2008},
  title = {A critique of Emanuel's hurricane model and potential intensity theory},
  volume = {134},
  pages = {551–561},
  journal = {Quarterly Journal of the Royal Meteorological Society},
  number = {632}
}
@article{smith2008b,
  author = {Smith, R.K. and Vogl, S.},
  date = {2008},
  title = {A simple model of the hurricane boundary layer revisited},
  volume = {134},
  pages = {337–351},
  journal = {Quarterly Journal of the Royal Meteorological Society},
  number = {631}
}
@article{p2017a,
  author = {P., Small and D., Gill and P.J., Maechling and R., Taborda and S., Callaghan and T.H., Jordan and J.P., Ely and K.B., Olsen and C.A, Goulet},
  title = {The SCEC Unified Community Velocity Model Software Framework},
  volume = {88},
  date = {2017},
  journal = {Seismological Research Letters},
  number = {5}
}
@article{snaiki2017a,
  author = {Snaiki, R. and Wu, T.},
  date = {2017},
  title = {A linear height-resolving wind field model for tropical cyclone boundary layer},
  volume = {171},
  pages = {248–260},
  journal = {Journal of Wind Engineering and Industrial Aerodynamics}
}
@article{snaiki2018a,
  author = {Snaiki, R. and Wu, T.},
  date = {2018},
  title = {A semi-empirical model for mean wind velocity profile of landfalling hurricane boundary layers},
  volume = {180},
  pages = {249–261},
  journal = {Journal of Wind Engineering and Industrial Aerodynamics}
}
@article{song2014a,
  author = {Song, J. and Rodriguez-Marek, A.},
  date = {2014},
  title = {Sliding displacement of flexible earth slopes subject to near-fault ground motions},
  volume = {141},
  pages = {04014110},
  journal = {Journal of Geotechnical and Geoenvironmental Engineering}
}
@article{song2016a,
  author = {Song, L.L. and Chen, W.C. and Wang, B.L. and Zhi, S.Q. and Liu, A.J.},
  date = {2016},
  title = {Characteristics of wind profiles in the landfalling typhoon boundary layer},
  volume = {149},
  pages = {77–88},
  journal = {Journal of Wind Engineering and Industrial Aerodynamics}
}
@article{spence2014a,
  author = {Spence, S.M.J. and Kareem, A.},
  date = {2014},
  title = {Performance-based design and optimization of uncertain wind-excited dynamic building systems},
  volume = {78},
  pages = {133–144},
  journal = {Engineering Structures}
}
@misc{unknown-e,
  note = {STWAVE:},
  url = {https://chl.erdc.dren.mil/tools/chloldwebsite/CHL%20OLD%20WEBSITE/chl.erdc.usace.army.mil/CHLc5e2.html?p=s&a=software;9}
}
@misc{unknown-f,
  note = {SWAN:},
  url = {http://swanmodel.sourceforge.net/}
}
@techreport{r2010a,
  author = {R., Taborda and J., López and H., Karaoglu and J., Urbanic and J, Bielak},
  title = {Speeding Up Finite Element Wave Propagation for Large-Scale Earthquake Simulations},
  date = {2010},
  institution = {Carnegie Mellon University, Parallel Data Lab},
  type = {Technical Report No. CMU-PDL-10-109,}
}
@inproceedings{taflanidis2017a,
  author = {Taflanidis, A.A. and Zhang, J. and J., N.C.Nadal-Caraballo and Melby, J.A.},
  date = {2017},
  title = {Advances in surrogate modeling for hurricane risk assessment: storm selection and climate change impact”},
  pages = {6–10,},
  booktitle = {In proceedings of 12th International Conference on Structural Safety & Reliability},
  address = {Vienna, Austria}
}
@incollection{travasarou2004a,
  author = {Travasarou, T. and Bray, J. and Der Kiureghian, A.},
  date = {2004},
  title = {A probabilistic methodology for assessing seismic slope displacements},
  booktitle = {13th World Conf. on Earthquake Engineering}
}
@inproceedings{t2006a,
  author = {T., Tu and H., Yu and L., Ramírez-Guzmán and J., Bielak and O., Ghattas and K., Ma and D, O.'Hallaron},
  title = {From Mesh Generation to Scientific Visualization: An End-to-End Approach to Parallel Supercomputing},
  publisher = {IEEE Computer Society},
  date = {2006},
  booktitle = {Proc. of the 2006 ACM/IEEE Int. Conf. for High Performance Computing, Networking, Storage and Analysis},
  address = {Tampa, Florida}
}
@article{unnikrishnan2016a,
  author = {Unnikrishnan, V.U. and Barbato, M.},
  date = {2016},
  title = {Performance-Based Comparison of Different Storm Mitigation Techniques for Residential Buildings},
  volume = {142},
  pages = {12},
  journal = {Journal of Structural Engineering},
  number = {6}
}
@book{u2015a,
  author = {U.S.A.C.E.},
  date = {2015},
  title = {North Atlantic Coast Comprehensive Study: Resilient Adaptation to Increasing Risk, U.S},
  publisher = {Army Engineer Research and Development Center},
  address = {Vicksburg, MS}
}
@article{vickery2006a,
  author = {Vickery, P. and Lin, J. and Skerlj, P. and Twisdale, L. and Huang, K.},
  date = {2006},
  title = {HAZUS-MH Hurricane Model Methodology. I: Hurricane Hazard, Terrain, and Wind Load Modeling},
  volume = {7},
  pages = {82–93},
  journal = {Natural Hazards Review},
  number = {2}
}
@article{vickery2000a,
  author = {Vickery, P. and Skerlj, P. and Steckley, A. and Twisdale, L.},
  date = {2000},
  title = {Hurricane Wind Field Model for Use in Hurricane Simulations},
  volume = {126},
  pages = {1203–1221},
  journal = {Journal of Structural Engineering},
  number = {10}
}
@article{vickery1995a,
  author = {Vickery, P. and Twisdale, L.},
  date = {1995},
  title = {Wind-Field and Filling Models for Hurricane Wind-Speed Predictions},
  volume = {121},
  pages = {1700–1709},
  journal = {Journal of Structural Engineering},
  number = {11}
}
@inproceedings{vickery2010a,
  author = {Vickery, P. and Wadhera, D. and Stear, J.},
  date = {2010},
  title = {A Synthetic Model for Gulf of Mexico Hurricanes},
  booktitle = {Offshore Technology Conference, Offshore Technology Conference},
  address = {Houston, Texas, USA}
}
@article{vickery2005a,
  author = {Vickery, P.J.},
  date = {2005},
  title = {Simple Empirical Models for Estimating the Increase in the Central Pressure of Tropical Cyclones after Landfall along the Coastline of the United States},
  volume = {44},
  pages = {1807–1826},
  journal = {Journal of Applied Meteorology},
  number = {12}
}
@article{vickery2009a,
  author = {Vickery, P.J. and Masters, F.J. and Powell, M.D. and Wadhera, D.},
  date = {2009},
  title = {Hurricane hazard modeling: The past, present, and future},
  volume = {97},
  pages = {392–405},
  journal = {Journal of Wind Engineering and Industrial Aerodynamics},
  number = {7-8}
}
@article{vickery2000b,
  author = {Vickery, P.J. and Skerlj, P.F. and Twisdale, L.A.},
  date = {2000},
  title = {Simulation of hurricane risk in the US using empirical track model},
  volume = {126},
  pages = {1222–1237},
  journal = {Journal of Structural Engineering-ASCE},
  number = {10}
}
@article{vickery2008a,
  author = {Vickery, P.J. and Wadhera, D.},
  date = {2008},
  title = {Statistical Models of Holland Pressure Profile Parameter and Radius to Maximum Winds of Hurricanes from Flight-Level Pressure and H*Wind Data},
  volume = {47},
  pages = {2497–2517},
  journal = {Journal of Applied Meteorology and Climatology},
  number = {10}
}
@article{vickery2009b,
  author = {Vickery, P.J. and Wadhera, D. and Powell, M.D. and Chen, Y.},
  date = {2009},
  title = {A Hurricane Boundary Layer and Wind Field Model for Use in Engineering Applications},
  volume = {48},
  pages = {381–405},
  journal = {Journal of Applied Meteorology and Climatology},
  number = {2}
}
@article{vickery2009c,
  author = {Vickery, P.J. and Wadhera, D. and Twisdale, L.A. and Lavelle, F.M.},
  date = {2009},
  title = {U.S. Hurricane Wind Speed Risk and Uncertainty},
  volume = {135},
  pages = {301–320},
  journal = {Journal of Structural Engineering},
  number = {3}
}
@article{wang2016a,
  author = {Wang, H. and Wu, T. and Tao, T. and Li, A. and Kareem, A.},
  date = {2016},
  title = {Measurements and analysis of non-stationary wind characteristics at Sutong Bridge in Typhoon Damrey},
  volume = {151},
  pages = {100–106},
  journal = {Journal of Wind Engineering and Industrial Aerodynamics}
}
@article{wells1994a,
  author = {Wells, D.L. and Coppersmith, K.J.},
  date = {1994},
  title = {New empirical relationships among magnitude, rupture length, rupture width, rupture area, and surface displacement},
  volume = {84},
  pages = {974–1002},
  journal = {Bulletin of the Seismological Society of America}
}
@article{wills2000a,
  author = {Wills, J.A.B. and Lee, B.E. and Wyatt, T.A.},
  date = {2000},
  title = {A review of tropical cyclone wind field models},
  volume = {3},
  pages = {133–142},
  journal = {Wind and Structures},
  number = {2}
}
@article{xiao2011a,
  author = {Xiao, Y.F. and Duan, Z.D. and Xiao, Y.Q. and Ou, J.P. and Chang, L. and Li, Q.S.},
  date = {2011},
  title = {Typhoon wind hazard analysis for southeast China coastal regions},
  volume = {33},
  pages = {286–295},
  journal = {Structural Safety},
  number = {4}
}
@article{yang2003a,
  author = {Yang, Z. and Elgamal, A. and Parra, E.},
  date = {2003},
  title = {Computational model for cyclic mobility and associated shear deformation},
  volume = {129},
  pages = {1119–1127},
  journal = {Journal of Geotechnical and Geoenvironmental Engineering}
}
@article{yau2011a,
  author = {Yau, S.C. and Lin, N. and Vanmarcke, E.},
  date = {2011},
  title = {Hurricane Damage and Loss Estimation Using an Integrated Vulnerability Model},
  volume = {12},
  pages = {184–189},
  journal = {Natural Hazards Review},
  number = {4}
}
@article{youngs2003a,
  author = {Youngs, R.R. and Arabasz, W.J. and Anderson, R.E. and Ramelli, A.R. and Ake, J.P. and Slemmons, D.B. and McCalpin, J.P. and Doser, D.I. and Fridrich, C.J. and Swan, F.H.},
  date = {2003},
  title = {A methodology for probabilistic fault displacement hazard analysis (PFDHA},
  volume = {19},
  pages = {191–219},
  journal = {Earthquake Spectra}
}
@article{youd2001a,
  author = {Youd, T.L. and Idriss, I.M.},
  date = {2001},
  title = {Liquefaction resistance of soils: summary report from the 1996 NCEER and 1998 NCEER/NSF workshops on evaluation of liquefaction resistance of soils},
  volume = {127},
  pages = {297–313},
  journal = {Journal of Geotechnical and Geoenvironmental Engineering}
}
@article{zhao2013a,
  author = {Zhao, L. and Lu, A. and Zhu, L. and Cao, S. and Ge, Y.},
  date = {2013},
  title = {Radial pressure profile of typhoon field near ground surface observed by distributed meteorologic stations},
  volume = {122},
  pages = {105–112},
  journal = {Journal of Wind Engineering and Industrial Aerodynamics}
}
@article{zijlema2010b,
  author = {Zijlema, M.},
  date = {2010},
  title = {Computation of wind-wave spectra in coastal waters with SWAN on unstructured grids},
  volume = {57},
  pages = {267–277},
  journal = {Coast. Engng}
}
