% Encoding: UTF-8

% SOFTWARE
% ========
@software{OpenSees,
  key = {OpenSees},
  author = {},
  title = {OpenSees},
  url = {https://opensees.berkeley.edu/},
  version = {3.2},
  date = {},
}

@software{FLAC,
  key = {FLAC},
  author = {},
  title = {Fast Lagrangian Analysis of Continua },
  url = {https://www.itascacg.com/software/FLAC},
  version = {},
  date = {},
}

@software{PLAXIS,
  key = {PLAXIS},
  author = {},
  title = {PLAXIS },
  url = {https://www.bentley.com/en/products/brands/plaxis},
  version = {},
  date = {},
}

@software{ESSI,
  key = {Real-ESSI},
  author = {},
  title = {Real-ESSI },
  url = {http://real-essi.us/},
  version = {},
  date = {},
}

@software{FEAP,
  key = {FEAP},
  author = {},
  title = {FEAP},
  url = {http://feap.berkeley.edu/},
  version = {},
  date = {},
}

@software{ABAQUS,
  key = {ABAQUS},
  author = {},
  title = {ABAQUS},
  url = {www.simulia.com},
  version = {},
  date = {},
}

@software{LS-DYNA,
  key = {LS-DYNA},
  author = {},
  title = {LS-DYNA},
  url = {http://www.lstc.com/},
  version = {},
  date = {},
}

@software{ProShake,
  key = {Proshake},
  author = {},
  title = {ProShake},
  url = {http://www.proshake.com/},
  version = {},
  date = {},
}

@software{Strata,
  key = {Strata},
  author = {},
  title = {Strata},
  url = {https://github.com/arkottke/strata},
  version = {},
  date = {},
}

@software{DeepSoil,
  key = {DeepSoil},
  author = {},
  title = {DeepSoil},
  url = {http://deepsoil.cee.illinois.edu/},
  version = {},
  date = {},
}

@software{CB-Geo-MPM,
  key = {CB-Geo-MPM},
  author = {},
  title = {CB-Geo-MPM},
  url = {https://github.com/cb-geo/mpm},
  version = {},
  date = {},
}

@software{Claymore,
  key = {Claymore},
  author = {},
  title = {Claymore},
  url = {https://github.com/penn-graphics-research/claymore},
  version = {},
  date = {},
}

@software{Uintah,
  key = {Uintah},
  author = {},
  title = {Uintah},
  url = {http://uintah.utah.edu/},
  version = {},
  date = {},
}

@software{Anura3D,
  key = {Anura3D},
  author = {},
  title = {Anura3D},
  url = {http://www.mpm-dredge.eu/},
  version = {},
  date = {},
}
% ----------------------------------------------------------------------------
% REFERENCES
% ==========

@article{Abell18,
  author  = {José A. Abell, Nebojsa Orbovic, David B. McCallen and Boris Jeremic}, 
  title   = {Earthquake Soil Structure Interaction of Nuclear Power Plants, differences in response to 3-D, 3×1-D, and 1-D excitations},
  journal = {Earthquake Engineering and Structural Dynamics},
  year    = 2018,
  number  = 6,
  pages   = {1478-1495},
  volume  = 18
}

@manual{API07,
    author = {},
    key = {API},
    title = {Recommended Practice for Planning, Designing and Constructing Fixed Offshore Platforms--Working Stress Design},
    organization = {American Petroleum Institute (API)},
    publisher = {API Recommended Practice 2A-WSD (RP 2A-WSD)},
    edition = {21st},
    note = {Errata and Supplement 3, October 2007},
    year = 2007}

@article{Arduino01,
  author  = {Arduino, P. Macari E.J.}, 
  title   = {Implementation of a Porous Media Formulation for Geomaterials},
  journal = {ASCE Journal of Engineering Mechanics},
  year    = 2001,
  number  = 2,
  pages   = {157-166},
  volume  = 127
}

@article{Bielak03,
    author = {J. Bielak and K. Loukakis and Y. Hisada and C. Yoshimura},
    title = {Domain reduction method for three-dimensional earthquake modeling in localized regions, {P}art {I}: {T}heory},
    journal = {Bulletin of the Seismological Society of America},
    volume = {93},
    number = {2},
    pages = {817-824},
    year = 2003}

@article{Biot41,
    author = {M.~A. Biot},
    title = {General theory of three dimensional consolidation},
    journal = {Journal of Applied Physics},
    volume = {12},
    pages = {155-164},
    year = 1941}

@article{Biot56,
    author = {M.~A. Biot},
    title = {Theory of propagation of elastic waves in a fluid saturated porous solid},
    journal = {Journal of the Acoustical Society of America},
    volume = {28},
    pages = {168-191},
    year = 1956}

@article{Biot62,
    author = {M.~A. Biot},
    title = {Mechanics of deformation and acoustic propagation in porous media},
    journal = {Journal of Applied Physics},
    volume = {33},
    pages = {1482-1498},
    year = 1962}
}

@article{Borja06,
    author = {R.~I. Borja},
    title = {On the mechanical energy and effective stress in saturated and unsaturated porous continua},
    journal = {International Journal of Solids and Structures},
    volume = {43},
    pages = {1764–1786},
    year = {2006}
}

@book{Borja2013,
    author = {R.~I. Borja},
    publisher = {Springer},
    title = {Plasticity, Modeling and Computation},
    year = {2013}
}

@TechReport{boulanger2017pm4sand,
    author      = {Boulanger, Ross and Ziotopoulou, Katerina},
    title       = {PM4Sand Version 3.1: A Sand Plasticity Model for Earthquake Engineering Applications},
    institution = {UC Davis},
    year        = {2017},
    month       = {03},
}

@TechReport{boulanger2018pm4silt,
  author      = {Boulanger Ross and Ziotopoulou Katerina},
  title       = {PM4Silt (version 1): A silt plasticity model for earthquake engineering applications.},
  institution = {U.C. Davis},
  year        = {2018},
}

@article{Dafalias86,
    author = {Y.~F. Dafalias},
    title = {Bounding surface plasticity I: Mathematical foundation and hypoplasticity},
    journal = {Journal of Engineering Mechanics},
    volume = 112,
    number = 9,
    pages = {966-987},
    year = 1986}

@article{Dafalias04,
    author = {Y.~F. Dafalias and M.~T. Manzari},
    title = {Simple plasticity sand model accounting for fabric change effects},
    journal = {Journal of Engineering Mechanics},
    volume = 130,
    number = 6,
    pages = {622-634},
    year = 2004}

@book{Ehlers02,
    author={W. Ehlers},
    editor={W. Ehlers and J. Buhm},
    title={Porous Media - theory, experiments and numerical application},
    chapter={Foundations of multiphasic and porous materials},
    publisher={Springer-Verlag},
    year={2002},
    ADDRESS={Berlin},
    PAGES={3-86},
}

@article{Elgamal03,
    title={Modeling of cyclic mobility in saturated cohesionless soils},
    author={Elgamal, Ahmed and Yang, Zhaohui and Parra, Ender and Ragheb, Ahmed},
    journal={International Journal of Plasticity},
    volume={19},
    number={6},
    pages={883--905},
    year={2003},
    publisher={Elsevier}
  }

@article{Iai11,
  author  = {Iai,S., Tobita,T., Ozutsumi,O. and Ueda, K.}, 
  title   = {Dilatancy of Granular Materials in a Strain Space Multiple Mechanism Model},
  journal = {International Journal for Numerical and Analytical Methods in Geomechanics},
  year    = 2011,
  number  = 3,
  pages   = {360-392},
  volume  = 35
}

@article{Iai13,
  author  = {Iai,S., Ueda,K., Tobita,T. and Ozutsumi, O.}, 
  title   = {Finite Strain Formulation of a Strain Space Multiple Mechanism Model for Granular Materials},
  journal = {International Journal for Numerical and Analytical Methods in Geomechanics},
  year    = 2013,
  number  = 9,
  pages   = {1189-1212},
  volume  = 37
}

@book{Itasca2016,
    address = {Minneapolis, Minnesota},
    author = {Itasca},
    publisher = {Itasca Consulting Group, Inc.},
    title = {FLAC - Fast Lagrangian Analysis of Continua, Version 8.0},
    year = {2016}
}

@book{Ghofrani18,
    author = {A. Ghofrani},
    title = {Development of numerical tools for the evaluation of pile response to laterally spreading soil},
    publisher = {Ph.{D}. Dissertation},
    address = {University of Washington},
    year = 2018}    

@article{Jeremic15,
  author  = {Panagiota Tasiopoulou, Mahdi Taiebat, Nima Tafazzoli, Boris Jeremic}, 
  title   = {On Validation of Fully Coupled Behavior of Porous Media using Centrifuge Test Results},
  journal = {Journal of Coupled Systems},
  year    = 2015,
  number  = 1,
  pages   = {37-65},
  volume  = 4
}

@article{kawamoto2018,
    author = {Reid Kawamoto and Edward Andò and Gioacchino Viggiani and José E. Andrade},
    title = {All you need is shape: Predicting shear banding in sand with LS-DEM},
    journal = {Journal of the Mechanics and Physics of Solids},
    volume = {111},
    pages = {375 - 392},
    year = {2018},
}
  
@article{kloss12,
    author = {C. Kloss and C. Goniva and A. Hager and S. Amberger and S. Pirker},
    title = {Models, Algorithms and Validation for Opensource DEM and CFD–DEM},
    journal = {Progress in Computational Fluid Dynamics, an International Journal},
    volume = {12},
    number = {2-3},
    pages = {140–152},
    year = 2012}   
  
@article{Joyner75,
    author = {W.~B. Joyner and A.~T.~F. Chen},
    title = {Calculation of nonlinear ground response in earthquakes},
    journal = {Bulletin of the Seismological Society of America},
    volume = {65},
    number = {5},
    pages = {1315-1336},
    year = 1975}

@book{Laursen02,
  title={Computational Contact and Impact Mechanics: Fundamentals of Modelling Interfacial Phenomena in Nonlinear Finite Element Analysis},
  author={Laursen, Tod A},
  year={2002},
  publisher={Springer, Berlin}
}

@article{Lysmer69,
    author = {J. Lysmer and A.~M. Kuhlemeyer},
    title = {Finite dynamic model for infinite media},
    journal = {Journal of the Engineering Mechanics Division, ASCE},
    volume = {95},
    pages = {859-877},
    year = 1969}

@article{Mast15,
  author  = {Mast, C. and Arduino, P. and Miller, G. and Mackenzie-Helnwein, P.}, 
  title   = {Simulating granular column collapse using the Material Point Method},
  journal = {Acta Geotechnica},
  year    = 2015,
  number  = 1,
  pages   = {101-116},
  volume  = 10
}

@article{McGann12,
  author  = {McGann, C.R. and Arduino, P. and Mackenzie-Helnwein, P.}, 
  title   = {Stabilized single-point 4-node quadrilateral element for dynamic analysis of fluid saturated porous media},
  journal = {Acta Geotechnica},
  year    = 2012,
  pages   = {297-311},
  number  = 4,
  volume  = 7
}

@article{McGann15,
  author  = {McGann, C.~R. and P. Arduino, P. and Mackenzie-Helnwein}, 
  title   = {Stabilized single-point 8-node hexahedral element for dynamic analysis of fluid saturated porous media},
  journal = {Computers and Geotechnics},
  year    = 2015,
  pages   = {126-141},
  volume  = 66
}

@article{McKenna11,
  author  = {McKenna, F.}, 
  title   = {OpenSees: a framework for earthquake engineering simulation},
  journal = {Computing in Science & Engineering},
  year    = 2011,
  number  = 4,
  pages   = {58-66},
  volume  = 13
}

@book{Petek06,
    author = {K.~A. Petek},
    title = {Development and Application of Mixed Beam-Solid Models for Analysis of Soil-Pile Interaction Problems},
    publisher = {Ph.{D}. Dissertation},
    address = {University of Washington},
    year = 2006}
 
@article{Prevost77,
    author = {J.~H. Prevost},
    title = {Mathematical modeling of monotonic and cyclic undrained clay behavior},
    journal = {International Journal for Numerical and Analytical Methods in Geomechanics},
    volume = {1},
    pages = {195-216},
    year = 1977}

@article{Prevost85a,
    author = {J.~H. Prevost},
    title = {A simple plasticity theory for frictional cohesionless soils},
    journal = {Soil Dynamics and Earthquake Engineering},
    volume = {4},
    pages = {9-17},
    year = 1985}

@book{Reese01,
    author = {L.~C. Reese and W.~F. {Van~Impe}},
    title = {Single Piles and Pile Groups Under Lateral Loading},
    publisher = {A.A. Balkema},
    address = {Rotterdam, Netherlands},
    year = 2001}

@book{smilauer15,
    author = {V. Šmilauer and E. Catalano and B. Chareyre and S. Dorofeenko and J. Duriez and A. Gladky and J. Kozicki},
    title = {Yade Documentation - 2nd edition},
    publisher = {The Yade Project},
    year = 2015}    

@book{Wriggers02,
    author = {P. Wriggers},
    title = {Computational Contact Mechanics},
    publisher = {John Wiley \& Sons, Ltd},
    address = {West Sussex, England},
    year = 2002}

@article{Yoshimura03,
    author = {C. Yoshimura and J. Bielak and Y. Hisada and A. Fern\'{a}ndez},
    title = {Domain reduction method for three-dimensional earthquake modeling in localized regions, {P}art {II}: {V}erification and applications},
    journal = {Bulletin of the Seismological Society of America},
    volume = {93},
    number = {2},
    pages = {825-840},
    year = 2003}

@article{Zhang19,
    title = "An ABAQUS toolbox for soil-structure interaction analysis",
    journal = "Computers and Geotechnics",
    volume = "114",
    pages = "103-143",
    year = "2019",
    issn = "0266-352X",
    doi = "https://doi.org/10.1016/j.compgeo.2019.103143",
    url = "http://www.sciencedirect.com/science/article/pii/S0266352X19302071",
    author = "W. Zhang and E. Esmaeilzadeh Seylabi and E. Taciroglu",
}

@article{Zienk84,
    title={Dynamic behaviour of saturated porous media; the generalized Biot formulation and its numerical solution},
  author={Zienkiewicz, OC and Shiomi, T},
  journal={International journal for numerical and analytical methods in geomechanics},
  volume={8},
  number={1},
  pages={71--96},
  year={1984},
  publisher={Wiley Online Library}
}








