@misc{unknown-a,
  title = {TODO: These are the references that need to be added to the references.bib file}
}
@misc{council1985a,
  author = {Council, Applied Technology},
  date = {1985},
  title = {ATC-13: Earthquake Damage Evaluation Data for},
  address = {California, ATC, Redwood City, CA, USA}
}
@misc{a2013a,
  author = {A.R.U.P.},
  date = {2013},
  title = {Resilience-based Earthquake Design Initiative for the Next Generation of Buildings},
  address = {ARUP, USA}
}
@article{n2017a,
  author = {N., Attary and V.U., Unnikrishnan and J.W., Lindt and D.T., Cox and A.R, Barbosa},
  date = {2017},
  title = {Performance-Based Tsunami Engineering methodology for risk assessment of structures},
  volume = {141},
  pages = {676–686},
  journal = {Engineering Structures}
}
@techreport{baker2011a,
  author = {Baker, J.W. and Lin, T. and Shahi, S.K. and Jayaram, N.},
  date = {2011},
  title = {New ground motion selection procedures and selected motions for the PEER transportation research program},
  institution = {Pacific Earthquake Engineering Research Center, University of California},
  type = {PEER Report 2011/03,},
  address = {Berkeley, CA}
}
@article{m2013a,
  author = {M., Barbato and F., Petrini and V.U., Unnikrishnan and M, Ciampoli},
  date = {2013},
  title = {Performance-Based Hurricane Engineering (PBHE) framework},
  volume = {45},
  pages = {24–35,},
  doi = {10.1016/j.strusafe.2013.07.002},
  journal = {Structural Safety}
}
@misc{b2010a,
  author = {B.A., Bradley and D.S., Lee and R., Broughton and C, Price},
  date = {2010},
  title = {Efficient Evaluation of Performance-Based Earthquake Engineering Equations}
}
@article{b2013a,
  author = {B.A, Bradley},
  date = {2013},
  title = {A critical examination of seismic response uncertainty analysis in earthquake engineering},
  volume = {42},
  pages = {1717–1729},
  journal = {Earthquake Engineering and Structural Dynamics}
}
@article{carey2018a,
  author = {Carey, T.J. and Mason, H.B. and Barbosa, A.R. and Scott, M.H.},
  title = {Multi-hazard earthquake and tsunami effects on soil-foundation-bridge systems},
  date = {2018-08},
  journal = {Journal of Bridge Engineering, Accepted}
}
@book{transportation2013a,
  author = {Transportation, Caltrans—California Department},
  date = {2013},
  title = {Caltrans Seismic Design Criteria, Version 1.7},
  publisher = {California Department of Transportation},
  address = {Sacramento, CA}
}
@article{chang2000a,
  author = {Chang, S.E. and Shinozuka, M. and Moore, J.E.},
  title = {Probabilistic Earthquake Scenarios: Extending Risk Analysis Methodologies to Spatially Distributed Systems},
  volume = {16},
  date = {2000},
  pages = {557–72},
  journal = {Earthq Spectra}
}
@inproceedings{h2016a,
  author = {H., Chmielewski and R., Guidotti and T., McAllister and P, Gardoni},
  date = {2016},
  title = {Response of Water Systems under Extreme Events: A Comprehensive Approach to Modeling Water System Resilience},
  pages = {475–486},
  booktitle = {Proc. 16th World Environmental and Water Resources Congress}
}
@article{e2004a,
  author = {E., Choi and R., DesRoches and B, Nielson},
  date = {2004},
  title = {Seismic fragility of typical bridges in moderate seismic zones},
  volume = {26},
  pages = {187–199},
  journal = {Engineering Structures}
}
@article{due2007a,
  author = {Dueñas‐Osorio, L. and Craig, J.I. and Goodno, B.J.},
  date = {2007},
  title = {Seismic response of critical interdependent networks},
  volume = {36},
  pages = {285–306},
  journal = {Earthquake engineering & structural dynamics},
  number = {2}
}
@incollection{systems1994a,
  author = {Systems, G.&E.Engineering},
  title = {Inc},
  date = {1994-05},
  booktitle = {G&E), NIBS Earthquake Loss Estimation Methods, Technical Manual}
}
@inproceedings{p2004a,
  editor = {P., Fajfar and H, Krawinkler},
  date = {2004},
  title = {Performance-Based Seismic Design Concepts and Implementation},
  booktitle = {Proceedings of an International Workshop},
  address = {Bled Slovenia}
}
@article{fan2019a,
  author = {Fan, C. and Zhang, C. and Yahja, A. and Mostafavi, A.},
  date = {2019},
  title = {Disaster City Digital Twin: A vision for integrating artificial and human intelligence for disaster management},
  volume = {102049},
  journal = {International Journal of Information Management}
}
@misc{division2017a,
  author = {Division, F.E.M.A.Mitigation},
  date = {2017},
  title = {HAZUS – Tsunami Model Technical Guidance},
  address = {FEMA, Washington D.C}
}
@misc{division2018a,
  author = {Division, F.E.M.A.Mitigation},
  date = {2018},
  title = {Hazus 4.2 software},
  address = {FEMA, Washington D.C}
}
@misc{division2018b,
  author = {Division, F.E.M.A.Mitigation},
  date = {2018},
  title = {HAZUS – Multi-hazard Loss Estimation Methodology 2.1, Earthquake Model Technical Manual},
  volume = {718p},
  note = {Accessed: 14 Nov. 2018},
  address = {FEMA, Washington D.C}
}
@misc{division2018c,
  author = {Division, F.E.M.A.Mitigation},
  date = {2018},
  title = {HAZUS – Multi-hazard Loss Estimation Methodology 2.1, Hurricane Model Technical Manual},
  volume = {1456p},
  note = {Accessed: 14 Nov. 2018},
  address = {FEMA, Washington D.C}
}
@misc{division2018d,
  author = {Division, F.E.M.A.Mitigation},
  date = {2018},
  title = {HAZUS – Multi-hazard Loss Estimation Methodology, Flood Model Technical Manual},
  volume = {569p},
  note = {Accessed: 14 Nov. 2018},
  address = {FEMA, Washington D.C}
}
@misc{f2012a,
  author = {F.E.M.A.},
  date = {2012},
  title = {Seismic Performance Assessment of Buildings},
  volume = {1},
  address = {Methodology, FEMA P58-1, FEMA, Washington D.C}
}
@incollection{f2018a,
  author = {F.E.M.A.},
  date = {2018},
  title = {Seismic Performance Assessment of Buildings},
  volume = {3},
  publisher = {FEMA},
  booktitle = {– Performance Assessment Calculation Tool (PACT) Version 2.9.65},
  address = {Washington D.C}
}
@article{han2012a,
  author = {Han, Y. and Davidson, R.A.},
  title = {Probabilistic seismic hazard analysis for spatially distributed infrastructure},
  volume = {41},
  doi = {10.1002/eqe.2179.},
  date = {2012},
  pages = {2141–2158},
  journal = {Earthq Eng Struct Dyn}
}
@thesis{he2019a,
  author = {He, X.},
  date = {2019},
  title = {Disaster risk management of interdependent infrastructure systems for community resilience planning},
  school = {University of Illinois at Urbana-Champaign},
  type = {(Doctoral dissertation,}
}
@misc{r1982a,
  author = {R., Isoyama and T, Katayama},
  date = {1982},
  title = {Reliability Evaluation of Water Supply Systems During Earthquakes}
}
@article{jacob2011a,
  author = {Jacob, K. and Deodatis, G. and Atlas, J. and Whitcomb, M. and Lopeman, M. and Markogiannaki, O. and Kennett, Z. and Morla, A. and Leichenko, R. and Vancura, P.},
  date = {2011},
  title = {Responding to Climate Change in New York State: The ClimAID Integrated Assessment for Effective Climate Change Adaptation in New York State: Transportation},
  volume = {1244},
  pages = {299–362},
  journal = {Annals of the New York Academy of Sciences},
  number = {1}
}
@article{c2016a,
  author = {C., Johansen and J., Horney and I, Tien},
  date = {2016},
  title = {Metrics for evaluating and improving community resilience, 23(2},
  doi = {10.1061/(ASCE)},
  pages = {1943–555 0000329},
  journal = {ASCE Journal of Infrastructure Systems}
}
@article{johansen2018a,
  author = {Johansen, C. and Tien, I.},
  date = {2018},
  title = {Probabilistic multi-scale modeling of interdependencies between critical infrastructure systems for resilience},
  volume = {3},
  pages = {1–15},
  journal = {Sustainable and Resilient Infrastructure},
  number = {1}
}
@misc{johnson2016a,
  author = {Johnson, L. and O’Rourke, T.D.},
  date = {2016},
  title = {Critical Assessment of Lifeline System Performance: Understanding Societal Needs in Disaster Recovery”},
  publisher = {Applied Technology Council},
  type = {NIST CGR 16-917-39,},
  address = {Redwood City, CA}
}
@article{jun2013a,
  author = {Jun, L. and Guoping, Y.},
  date = {2013},
  title = {Iterative Methodology of Pressure-Dependent Demand Based on EPANET for Pressure-Deficient Water Distribution Analysis},
  volume = {139},
  pages = {34–44},
  journal = {Journal of Water Resources Panning and Management, ASCE},
  number = {1}
}
@article{karaman2008a,
  author = {Karaman, H. and Şahin, M. and Elnashai, A.S.},
  date = {2008},
  title = {Earthquake loss assessment features of Maeviz-Istanbul (Hazturk},
  volume = {12},
  pages = {175–186},
  journal = {Journal of Earthquake Engineering}
}
@article{kaviani2012a,
  author = {Kaviani, P. and Zareian, F. and Taciroglu, E.},
  date = {2012},
  title = {Seismic behavior of reinforced concrete bridges with skew-angled abutments},
  volume = {45},
  pages = {137–150},
  journal = {Engineering Structures}
}
@misc{kiremidjian2006a,
  author = {Kiremidjian, A.S. and Moore, J. and Fan, Y.Y. and Basoz, N. and Yazali, O. and Williams, M.},
  date = {2006},
  title = {Pacific Earthquake Engineering Research Center Highway Demonstration Project},
  address = {PEER}
}
@article{k2017a,
  author = {K.A., Klise and D., Moriarty and M.L., Bynum and R., Murray and J., Burkhardt and T.M, Haxton},
  title = {Water Network Tool for Resilience (WNTR) User Manual, U.S},
  volume = {},
  pages = {600 –17 264,},
  date = {2017},
  journal = {Environmental Protection Agency},
  number = {ington D.C.}
}
@article{d2014a,
  author = {D., Lange and S., Devaney and A, Usmani},
  date = {2014},
  title = {An application of the PEER performance based earthquake engineering framework to structures in fire},
  volume = {66},
  pages = {100–115},
  journal = {Engineering Structures}
}
@misc{lee2006a,
  author = {Lee, R. and Kiremidjian, A.S.},
  date = {2006},
  title = {Uncertainty and Correlation for Loss Assessment of Spatially Distributed Systems, under review Earthquake Spectra}
}
@article{c2013a,
  author = {C., Loth and J.W, Baker},
  date = {2013},
  title = {A spatial cross-correlation model of ground motion spectral accelerations at multiple periods},
  volume = {42},
  pages = {397–417},
  journal = {Earthquake Engineering & Structural Dynamics},
  number = {3}
}
@article{mangalathu2016a,
  author = {Mangalathu, S. and Jeon, J.S. and Padgett, J.E. and DesRoches, R.},
  date = {2016},
  title = {ANCOVA-based grouping of bridge classes for seismic fragility assessment},
  volume = {123},
  pages = {379–394},
  journal = {Engineering Structures}
}
@article{mangalathu2017a,
  author = {Mangalathu, S. and Soleimani, F. and Jeon, J.-S.},
  date = {2017},
  title = {Bridge classes for regional seismic risk assessment: improving HAZUS models},
  volume = {148},
  pages = {755–766},
  journal = {Engineering Structures}
}
@techreport{i1994a,
  author = {I., Markov and M., Grigoriu and T, O.'Rourke},
  title = {An evaluation of Seismic Serviceability of Water Supply Networks with Application to San Francisco Auxiliary Water Supply System},
  date = {1994},
  type = {NCEER Report No. 94-0001,}
}
@misc{mckenna2018a,
  author = {McKenna, F. and A., Zsarnóczay and Elhaddad, W.},
  title = {Performance Based Engineering Application User Manual},
  date = {2018}
}
@book{moore2005a,
  author = {Moore, J.E. and Little, R.G. and Cho, S. and Lee, S.},
  date = {2005},
  title = {Using Regional Economic Models to Estimate the Costs of Infrastructure Failures: The Cost of a Limited Interruption in Electric Power in the Los Angeles Region},
  publisher = {Keston Institute for Infrastructure, University of Southern California}
}
@misc{unknown2013a,
  title = {New York City Department of Environmental Protection},
  date = {2013},
  url = {https://www1.nyc.gov/assets/dep/downloads/pdf/climate-resiliency/climate-plan-single-page.pdf}
}
@article{o2010a,
  author = {O’Rourke, T.D.},
  date = {2010},
  title = {Geohazards and Large Geographically Distributed Systems”},
  volume = {LX},
  pages = {503– 543},
  journal = {Geotechnique},
  number = {7}
}
@incollection{o2014a,
  author = {O’Rourke, T.D.},
  date = {2014},
  title = {Earthquake-Resilient Lifelines: NEHRP Research, Development and Implementation Roadmap},
  booktitle = {NIST GCR 14-917-33, NEHRP Consultants Joint Venture},
  address = {Redwood City, CA}
}
@article{ouyang2014a,
  author = {Ouyang, M.},
  title = {Review on modeling and simulation of interdependent critical infrastructure systems},
  volume = {121},
  pages = {43–60},
  doi = {10.1016/j.},
  date = {2014},
  journal = {Reliability Engineering and System Safety}
}
@article{pagani2014a,
  author = {Pagani, M. and Monelli, D. and Weatherill, G. and Danciu, L. and Crowley, H. and Silva, V. and Henshaw, P. and Butler, L. and Nastasi, M. and Panzeri, L. and Simionato, M. and Vigano, D.},
  title = {OpenQuake Engine: An Open Hazard (and Risk) Software for the Global Earthquake Model},
  volume = {85},
  pages = {692–702,},
  date = {2014},
  journal = {Seismological Research Letters},
  number = {3}
}
@article{park1985a,
  author = {Park, Y.-J. and H-S, Ang A.},
  date = {1985},
  title = {Mechanistic seismic damage model for reinforced concrete},
  volume = {111},
  pages = {722–739},
  journal = {Journal of structural engineering},
  number = {4}
}
@article{pitilakis2014a,
  editor = {Pitilakis, K. and Franchin, P. and Khazai, B. and Wenzel, H.},
  date = {2014},
  title = {SYNER-G: Systemic seismic vulnerability and risk assessment of complex urban, utility, lifeline systems and critical facilities},
  volume = {31},
  isbn = {978-94-017-8834-2},
  publisher = {Springer},
  journal = {Methodology and applications. Geotechnical, Geological and Earthquake Engineering},
  address = {The Netherlands}
}
@article{k2001a,
  author = {K.A., Porter and A.S., Kiremidjian and J.S, LeGrue},
  date = {2001},
  title = {Assembly-Based Vulnerability of Buildings and Its Use in Performance Evaluation},
  volume = {17},
  pages = {291–312},
  journal = {Earthquake Spectra}
}
@article{rathje2017a,
  author = {Rathje, E. and Dawson, C.Padgett and J.E., Pinelli and J.-P., Stanzione and D., Adair and A., Arduino and P., Brandenberg and S.J., Cockerill and T., Dey and C., Esteva and M., Jr., Haan and F.L., Hanlon and M., Kareem and A., Lowes and L., Mock and S. and Mosqueda, G.},
  date = {2017},
  title = {DesignSafe: A New Cyberinfrastructure for Natural Hazards Engineering},
  doi = {10.1061/(ASCE)NH.1527-6996.0000246.},
  journal = {ASCE Natural Hazards Review}
}
@article{s2011a,
  author = {S., Reese and B.A., Bradley and J., Bind and G., Smart and W., Power and J, Sturman},
  date = {2011},
  title = {Empirical Building fragilities from observed damage in the 2009 South Pacific tsunami},
  volume = {107},
  pages = {156–173},
  journal = {Earth-Science Reviews}
}
@article{n2010a,
  author = {N., Romero and T.D., O.’Rourke and L.K., Nozick and C.A, Davis},
  date = {2010},
  title = {Seismic Hazards and Water Supply Performance},
  volume = {14},
  pages = {1022–1043},
  journal = {Journal of Earthquake Engineering}
}
@book{l2000a,
  author = {L.A, Rossman},
  title = {EPANET 2 Users Manual, U.S},
  publisher = {Environmental Protection Agency},
  date = {2000},
  address = {Cincinnati, OH}
}
@article{sayyed2014a,
  author = {Sayyed, M.A.H. and Gupta, R. and Tanyimboh, T.T.},
  date = {2014},
  title = {Modelling Pressure Deficient Water Distribution Networks in EPANET”, 16th Conf. on Water Distr},
  volume = {89},
  pages = {626–631},
  journal = {Sys, Analysis, Procedia Engineering}
}
@article{e2006a,
  author = {E, Stergiou and AS, Kiremidjian},
  date = {2006},
  title = {Treatment of Uncertainties in Seismic Risk Analysis of Transportation Systems. The John A},
  volume = {},
  publisher = {Stanford University},
  journal = {Blume Earthquake Engineering Center},
  number = {156},
  address = {Stanford, CA}
}
@article{tabucchi2010a,
  author = {Tabucchi, T. and Davidson, R. and Brink, S.},
  date = {2010},
  title = {Simulation of post-earthquake water supply system restoration},
  volume = {27},
  pages = {263–279},
  journal = {Civil Engineering and Environmental Systems},
  number = {4}
}
@misc{a1994a,
  author = {A., Tang and F, Wong},
  title = {Observation on Telecommunications Lifeline Performance in the Northridge Earthquake of},
  date = {1994-01-17}
}
@article{tomar2020a,
  author = {Tomar, A. and Burton, H.V. and Mosleh, A. and Yun Lee, J.},
  date = {2020},
  title = {Hindcasting the Functional Loss and Restoration of the Napa Water System Following the 2014 Earthquake Using Discrete-Event Simulation},
  volume = {26},
  pages = {04020035},
  journal = {Journal of Infrastructure Systems},
  number = {4}
}
@techreport{y2008a,
  author = {Y., Wang and T.D, O.’Rourke},
  date = {2008},
  title = {Seismic Performance Evaluation of Water Supply Systems},
  institution = {MCEER},
  type = {MCEER Technical Report 08-0015,},
  address = {Buffalo, NY}
}
@book{s2006a,
  author = {S.D., Werner and S., Cho and C.E., Taylor and J-P., Lavoie and C., Huyck and R.T, Eguchi},
  date = {2006},
  title = {REDARS 2 Demonstration Project for Seismic Risk Analysis of Highway Systems},
  publisher = {California Department of Transportation},
  address = {Sacramento, California}
}
@article{zhu2018a,
  author = {Zhu, M. and Elkhetali, I. and Scott, M.H.},
  date = {2018},
  title = {Validation of OpenSees for Tsunami Loading on Bridge Superstructures},
  volume = {23},
  journal = {Journal of Bridge Engineering},
  number = {4}
}
