
@article{a1994a,
  title  = {Observation on Telecommunications Lifeline Performance in the Northridge Earthquake Of},
  author = {Tang, A. and Wong, F.},
  date   = {1994-01-17}
}

@article{a2013a,
  title   = {Resilience-Based Earthquake Design Initiative for the next Generation of Buildings},
  author  = {{ARUP}},
  date    = {2013},
  address = {ARUP, USA}
}

@article{b2010a,
  title  = {Efficient Evaluation of Performance-Based Earthquake Engineering Equations},
  author = {Bradley, B.A. and Lee, D.S. and Broughton, R. and Price, C.},
  date   = {2010}
}

@article{b2013a,
  title        = {A Critical Examination of Seismic Response Uncertainty Analysis in Earthquake Engineering},
  author       = {Bradley, B.A},
  date         = {2013},
  journaltitle = {Earthquake Engineering and Structural Dynamics},
  volume       = {42},
  pages        = {1717--1729},
  doi          = {10/f462v3}
}

@report{baker2011a,
  title       = {New Ground Motion Selection Procedures and Selected Motions for the {{PEER}} Transportation Research Program},
  author      = {Baker, J.W. and Lin, T. and Shahi, S.K. and Jayaram, N.},
  date        = {2011},
  institution = {{Pacific Earthquake Engineering Research Center, University of California}},
  location    = {{Berkeley, CA}},
  type        = {PEER report 2011/03,}
}

@article{c2013a,
  title        = {A Spatial Cross-Correlation Model of Ground Motion Spectral Accelerations at Multiple Periods},
  author       = {Loth, C. and Baker, J.W.},
  date         = {2013},
  journaltitle = {Earthquake Engineering \& Structural Dynamics},
  volume       = {42},
  pages        = {397--417},
  doi          = {10/f4pdhp},
  number       = {3}
}

@article{c2016a,
  title        = {Metrics for Evaluating and Improving Community Resilience, 23(2},
  author       = {Johansen, C. and Horney, J. and Tien, I.},
  date         = {2016},
  journaltitle = {ASCE Journal of Infrastructure Systems},
  pages        = {1943--555 0000329},
  doi          = {10.1061/(ASCE)}
}

@article{carey2018a,
  title        = {Multi-Hazard Earthquake and Tsunami Effects on Soil-Foundation-Bridge Systems},
  author       = {Carey, T.J. and Mason, H.B. and Barbosa, A.R. and Scott, M.H.},
  date         = {2018-08},
  journaltitle = {Journal of Bridge Engineering, Accepted}
}

@article{chang2000a,
  title        = {Probabilistic Earthquake Scenarios: {{Extending}} Risk Analysis Methodologies to Spatially Distributed Systems},
  author       = {Chang, S.E. and Shinozuka, M. and Moore, J.E.},
  date         = {2000},
  journaltitle = {Earthq Spectra},
  volume       = {16},
  pages        = {557--72},
  doi          = {10/dv6grx}
}

@article{council1985a,
  title   = {{{ATC}}-13: {{Earthquake}} Damage Evaluation Data For},
  author  = {Council, Applied Technology},
  date    = {1985},
  address = {California, ATC, Redwood City, CA, USA}
}

@article{d2014a,
  title        = {An Application of the {{PEER}} Performance Based Earthquake Engineering Framework to Structures in Fire},
  author       = {Lange, D. and Devaney, S. and A, Usmani},
  date         = {2014},
  journaltitle = {Engineering Structures},
  volume       = {66},
  pages        = {100--115},
  doi          = {10/f52dq6}
}

@article{division2017a,
  title   = {{{HAZUS}} – Tsunami Model Technical Guidance},
  author  = {Division, F.E.M.A.Mitigation},
  date    = {2017},
  address = {FEMA, Washington D.C}
}

@article{division2018a,
  title   = {Hazus 4.2 Software},
  author  = {Division, F.E.M.A.Mitigation},
  date    = {2018},
  address = {FEMA, Washington D.C}
}

@article{division2018b,
  title   = {{{HAZUS}} – Multi-Hazard Loss Estimation Methodology 2.1, Earthquake Model Technical Manual},
  author  = {Division, F.E.M.A.Mitigation},
  date    = {2018},
  volume  = {718p},
  address = {FEMA, Washington D.C}
}

@article{division2018c,
  title   = {{{HAZUS}} – Multi-Hazard Loss Estimation Methodology 2.1, Hurricane Model Technical Manual},
  author  = {Division, F.E.M.A.Mitigation},
  date    = {2018},
  volume  = {1456p},
  address = {FEMA, Washington D.C}
}

@article{division2018d,
  title   = {{{HAZUS}} – Multi-Hazard Loss Estimation Methodology, Flood Model Technical Manual},
  author  = {Division, F.E.M.A.Mitigation},
  date    = {2018},
  volume  = {569p},
  address = {FEMA, Washington D.C}
}

@article{due2007a,
  title        = {Seismic Response of Critical Interdependent Networks},
  author       = {Dueñas‐Osorio, L. and Craig, J.I. and Goodno, B.J.},
  date         = {2007},
  journaltitle = {Earthquake engineering \& structural dynamics},
  volume       = {36},
  pages        = {285--306},
  doi          = {10/b8ttkk},
  number       = {2}
}

@article{e2004a,
  title        = {Seismic Fragility of Typical Bridges in Moderate Seismic Zones},
  author       = {Choi, E. and DesRoches, R. and B, Nielson},
  date         = {2004},
  journaltitle = {Engineering Structures},
  volume       = {26},
  pages        = {187--199},
  doi          = {10/cv7t57}
}

@article{e2006a,
  title        = {Treatment of Uncertainties in Seismic Risk Analysis of Transportation Systems. {{The}} John a},
  author       = {Stergiou, E and Kiremidjian, A.S.},
  date         = {2006},
  journaltitle = {Blume Earthquake Engineering Center},
  publisher    = {{Stanford University}},
  address      = {Stanford, CA},
  number       = {156}
}

@article{f2012a,
  title   = {Seismic Performance Assessment of Buildings},
  author  = {{F.E.M.A.}},
  date    = {2012},
  volume  = {1},
  address = {Methodology, FEMA P58-1, FEMA, Washington D.C}
}

@incollection{f2018a,
  title     = {Seismic Performance Assessment of Buildings},
  booktitle = {– Performance Assessment Calculation Tool ({{PACT}}) Version 2.9.65},
  author    = {{F.E.M.A.}},
  date      = {2018},
  volume    = {3},
  publisher = {{FEMA}},
  location  = {{Washington D.C}}
}

@article{fan2019a,
  title        = {Disaster {{City Digital Twin}}: {{A}} Vision for Integrating Artificial and Human Intelligence for Disaster Management},
  author       = {Fan, C. and Zhang, C. and Yahja, A. and Mostafavi, A.},
  date         = {2019},
  journaltitle = {International Journal of Information Management},
  volume       = {102049}
}

@inproceedings{h2016a,
  title     = {Response of Water Systems under Extreme Events: {{A}} Comprehensive Approach to Modeling Water System Resilience},
  booktitle = {Proc. 16th World Environmental and Water Resources Congress},
  author    = {Chmielewski, H. and Guidotti, R. and McAllister, T. and Gardoni, P.},
  date      = {2016},
  pages     = {475--486}
}

@article{han2012a,
  title        = {Probabilistic Seismic Hazard Analysis for Spatially Distributed Infrastructure},
  author       = {Han, Y. and Davidson, R.A.},
  date         = {2012},
  journaltitle = {Earthq Eng Struct Dyn},
  volume       = {41},
  pages        = {2141--2158},
  doi          = {10/ghghnt}
}

@thesis{he2019a,
  title       = {Disaster Risk Management of Interdependent Infrastructure Systems for Community Resilience Planning},
  author      = {He, X.},
  date        = {2019},
  institution = {{University of Illinois at Urbana-Champaign}},
  type        = {(doctoral dissertation,}
}

@article{isoyamaReliability1982,
  title  = {Reliability Evaluation of Water Supply Systems during Earthquakes},
  author = {Isoyama, R. and Katayama, T},
  date   = {1982}
}

@article{jacob2011a,
  title        = {Responding to Climate Change in New York State: {{The ClimAID}} Integrated Assessment for Effective Climate Change Adaptation in New York State: {{Transportation}}},
  author       = {Jacob, K. and Deodatis, G. and Atlas, J. and Whitcomb, M. and Lopeman, M. and Markogiannaki, O. and Kennett, Z. and Morla, A. and Leichenko, R. and Vancura, P.},
  date         = {2011},
  journaltitle = {Annals of the New York Academy of Sciences},
  volume       = {1244},
  pages        = {299--362},
  number       = {1}
}

@article{johansen2018a,
  title        = {Probabilistic Multi-Scale Modeling of Interdependencies between Critical Infrastructure Systems for Resilience},
  author       = {Johansen, C. and Tien, I.},
  date         = {2018},
  journaltitle = {Sustainable and Resilient Infrastructure},
  volume       = {3},
  pages        = {1--15},
  doi          = {10/ghghnw},
  number       = {1}
}

@article{johnson2016a,
  title     = {Critical Assessment of Lifeline System Performance: {{Understanding}} Societal Needs in Disaster Recovery”},
  author    = {Johnson, L. and O’Rourke, T.D.},
  date      = {2016},
  publisher = {{Applied Technology Council}},
  address   = {Redwood City, CA},
  type      = {NIST CGR 16-917-39,}
}

@article{jun2013a,
  title        = {Iterative Methodology of Pressure-Dependent Demand Based on {{EPANET}} for Pressure-Deficient Water Distribution Analysis},
  author       = {Jun, L. and Guoping, Y.},
  date         = {2013},
  journaltitle = {Journal of Water Resources Panning and Management, ASCE},
  volume       = {139},
  pages        = {34--44},
  doi          = {10/fzjgpw},
  number       = {1}
}

@article{k2001a,
  title        = {Assembly-Based Vulnerability of Buildings and Its Use in Performance Evaluation},
  author       = {Porter, K.A. and Kiremidjian, A.S. and J.S, LeGrue},
  date         = {2001},
  journaltitle = {Earthquake Spectra},
  volume       = {17},
  pages        = {291--312},
  doi          = {10/c9x2kk}
}

@article{k2017a,
  title        = {Water Network Tool for Resilience ({{WNTR}}) User Manual, {{U}}.{{S}}},
  author       = {Klise, K.A. and Moriarty, D. and Bynum, M.L. and Murray, R. and Burkhardt, J. and Haxton, T.M.},
  date         = {2017},
  journaltitle = {Environmental Protection Agency},
  pages        = {600 --17 264,},
  issue        = {ington D.C.}
}

@article{karaman2008a,
  title        = {Earthquake Loss Assessment Features of Maeviz-Istanbul (Hazturk},
  author       = {Karaman, H. and Şahin, M. and Elnashai, A.S.},
  date         = {2008},
  journaltitle = {Journal of Earthquake Engineering},
  volume       = {12},
  pages        = {175--186}
}

@article{kaviani2012a,
  title        = {Seismic Behavior of Reinforced Concrete Bridges with Skew-Angled Abutments},
  author       = {Kaviani, P. and Zareian, F. and Taciroglu, E.},
  date         = {2012},
  journaltitle = {Engineering Structures},
  volume       = {45},
  pages        = {137--150},
  doi          = {10/f4chwq}
}

@article{kiremidjian2006a,
  title   = {Pacific Earthquake Engineering Research Center Highway Demonstration Project},
  author  = {Kiremidjian, A.S. and Moore, J. and Fan, Y.Y. and Basoz, N. and Yazali, O. and Williams, M.},
  date    = {2006},
  address = {PEER}
}

@book{l2000a,
  title     = {{{EPANET}} 2 Users Manual, {{U}}.{{S}}},
  author    = {Rossman, L.A.},
  date      = {2000},
  publisher = {{Environmental Protection Agency}},
  location  = {{Cincinnati, OH}}
}

@article{lee2006a,
  title  = {Uncertainty and Correlation for Loss Assessment of Spatially Distributed Systems, under Review Earthquake Spectra},
  author = {Lee, R. and Kiremidjian, A.S.},
  date   = {2006}
}

@article{m2013a,
  title        = {Performance-Based Hurricane Engineering ({{PBHE}}) Framework},
  author       = {Barbato, M. and Petrini, F. and Unnikrishnan, V.U. and Ciampoli, M.},
  date         = {2013},
  journaltitle = {Structural Safety},
  volume       = {45},
  pages        = {24--35,},
  doi          = {10/ghghns}
}

@article{mangalathu2016a,
  title        = {{{ANCOVA}}-Based Grouping of Bridge Classes for Seismic Fragility Assessment},
  author       = {Mangalathu, S. and Jeon, J.S. and Padgett, J.E. and DesRoches, R.},
  date         = {2016},
  journaltitle = {Engineering Structures},
  volume       = {123},
  pages        = {379--394},
  doi          = {10/f8x539}
}

@article{mangalathu2017a,
  title        = {Bridge Classes for Regional Seismic Risk Assessment: Improving {{HAZUS}} Models},
  author       = {Mangalathu, S. and Soleimani, F. and Jeon, J.-S.},
  date         = {2017},
  journaltitle = {Engineering Structures},
  volume       = {148},
  pages        = {755--766},
  doi          = {10/gbzb99}
}

@report{markovEvaluation1994,
  title  = {An Evaluation of Seismic Serviceability of Water Supply Networks with Application to San Francisco Auxiliary Water Supply System},
  author = {Markov, I. and Grigoriu, M. and O'Rourke, T.D.},
  date   = {1994},
  type   = {NCEER report no. 94-0001,}
}

@article{mckenna2018a,
  title  = {Performance Based Engineering Application User Manual},
  author = {McKenna, F. and Zsarnóczay, A. and Elhaddad, W.},
  date   = {2018}
}

@book{moore2005a,
  title     = {Using Regional Economic Models to Estimate the Costs of Infrastructure Failures: {{The}} Cost of a Limited Interruption in Electric Power in the Los Angeles Region},
  author    = {Moore, J.E. and Little, R.G. and Cho, S. and Lee, S.},
  date      = {2005},
  publisher = {{Keston Institute for Infrastructure, University of Southern California}}
}

@article{n2017a,
  title        = {Performance-{{Based Tsunami Engineering}} Methodology for Risk Assessment of Structures},
  author       = {Attary, N. and Unnikrishnan, V.U. and Lindt, J.W. and Cox, D.T. and Barbosa, A.R.},
  date         = {2017},
  journaltitle = {Engineering Structures},
  volume       = {141},
  pages        = {676--686},
  doi          = {10/f97zq4}
}

@article{o2010a,
  title        = {Geohazards and Large Geographically Distributed Systems”},
  author       = {O’Rourke, T.D.},
  date         = {2010},
  journaltitle = {Geotechnique},
  volume       = {LX},
  pages        = {503--543},
  number       = {7}
}

@incollection{o2014a,
  title     = {Earthquake-Resilient Lifelines: {{NEHRP}} Research, Development and Implementation Roadmap},
  booktitle = {{{NIST GCR}} 14-917-33, {{NEHRP}} Consultants Joint Venture},
  author    = {O’Rourke, T.D.},
  date      = {2014},
  location  = {{Redwood City, CA}}
}

@article{ouyang2014a,
  title        = {Review on Modeling and Simulation of Interdependent Critical Infrastructure Systems},
  author       = {Ouyang, M.},
  date         = {2014},
  journaltitle = {Reliability Engineering and System Safety},
  volume       = {121},
  pages        = {43--60},
  doi          = {10.1016/j.}
}

@inproceedings{p2004a,
  title     = {Performance-Based Seismic Design Concepts and Implementation},
  booktitle = {Proceedings of an International Workshop},
  editor    = {Fajfar, P. and Krawinkler, H.},
  date      = {2004},
  location  = {{Bled Slovenia}}
}

@article{pagani2014a,
  title        = {{{OpenQuake}} Engine: {{An}} Open Hazard (and Risk) Software for the Global Earthquake Model},
  author       = {Pagani, M. and Monelli, D. and Weatherill, G. and Danciu, L. and Crowley, H. and Silva, V. and Henshaw, P. and Butler, L. and Nastasi, M. and Panzeri, L. and Simionato, M. and Vigano, D.},
  date         = {2014},
  journaltitle = {Seismological Research Letters},
  volume       = {85},
  pages        = {692--702,},
  doi          = {10/ghghnx},
  number       = {3}
}

@article{park1985a,
  title        = {Mechanistic Seismic Damage Model for Reinforced Concrete},
  author       = {Park, Y.-J. and H-S, Ang A.},
  date         = {1985},
  journaltitle = {Journal of structural engineering},
  volume       = {111},
  pages        = {722--739},
  number       = {4}
}

@article{pitilakis2014a,
  title        = {{{SYNER}}-{{G}}: {{Systemic}} Seismic Vulnerability and Risk Assessment of Complex Urban, Utility, Lifeline Systems and Critical Facilities},
  editor       = {Pitilakis, K. and Franchin, P. and Khazai, B. and Wenzel, H.},
  date         = {2014},
  journaltitle = {Methodology and applications. Geotechnical, Geological and Earthquake Engineering},
  volume       = {31},
  publisher    = {{Springer}},
  address      = {The Netherlands},
  isbn         = {978-94-017-8834-2}
}

@article{rathje2017a,
  title        = {{{DesignSafe}}: {{A}} New Cyberinfrastructure for Natural Hazards Engineering},
  author       = {Rathje, E. and Dawson, C. and Padgett, J.E. and Pinelli, J.-P. and Stanzione, D. and Adair, A. and Arduino, P. and Brandenberg, Scott J. and Cockerill, T.   and Dey, C. and Esteva, M. and Haan, Fred L. Jr. and Hanlon, M. and Kareem, Ahsan and Lowes, L. and Mock, S. and Mosqueda, G.},
  date         = {2017},
  journaltitle = {ASCE Natural Hazards Review},
  doi          = {10/ghghnv}
}

@article{romeroSeismic2010,
  title        = {Seismic Hazards and Water Supply Performance},
  author       = {Romero, N. and O’Rourke, T.D. and Nozick, L.K. and Davis, C.A.},
  date         = {2010},
  journaltitle = {Journal of Earthquake Engineering},
  volume       = {14},
  pages        = {1022--1043},
  doi          = {10/b7fjn7}
}

@book{s2006a,
  title     = {{{REDARS}} 2 Demonstration Project for Seismic Risk Analysis of Highway Systems},
  author    = {Werner, S.D. and Cho, S. and Taylor, C.E. and Lavoie, J-P. and Huyck, C. and Eguchi, R.T.},
  date      = {2006},
  publisher = {{California Department of Transportation}},
  location  = {{Sacramento, California}}
}

@article{s2011a,
  title        = {Empirical {{Building}} Fragilities from Observed Damage in the 2009 {{South Pacific}} Tsunami},
  author       = {Reese, S. and Bradley, B.A. and Bind, J. and Smart, G. and Power, W. and Sturman, J.},
  date         = {2011},
  journaltitle = {Earth-Science Reviews},
  volume       = {107},
  pages        = {156--173},
  doi          = {10/ckqs3t}
}

@article{sayyed2014a,
  title        = {Modelling Pressure Deficient Water Distribution Networks in {{EPANET}}”, 16th Conf. on Water Distr},
  author       = {Sayyed, M.A.H. and Gupta, R. and Tanyimboh, T.T.},
  date         = {2014},
  journaltitle = {Sys, Analysis, Procedia Engineering},
  volume       = {89},
  pages        = {626--631},
  doi          = {10/ghghnz}
}

@report{systems1994a,
  title  = {{{NIBS}} Earthquake Loss Estimation Methods, Technical Manual},
  author = {G.\&E. Engineering Systems},
  date   = {1994-05}
}

@article{tabucchi2010a,
  title        = {Simulation of Post-Earthquake Water Supply System Restoration},
  author       = {Tabucchi, T. and Davidson, R. and Brink, S.},
  date         = {2010},
  journaltitle = {Civil Engineering and Environmental Systems},
  volume       = {27},
  pages        = {263--279},
  doi          = {10/ftj58h},
  number       = {4}
}

@article{tomar2020a,
  title        = {Hindcasting the Functional Loss and Restoration of the Napa Water System Following the 2014 Earthquake Using Discrete-Event Simulation},
  author       = {Tomar, A. and Burton, H.V. and Mosleh, A. and Yun Lee, J.},
  date         = {2020},
  journaltitle = {Journal of Infrastructure Systems},
  volume       = {26},
  pages        = {04020035},
  doi          = {10/ghghn2},
  number       = {4}
}

@book{transportation2013a,
  title     = {Caltrans Seismic Design Criteria, Version 1.7},
  author    = {Transportation, Caltrans—California Department},
  date      = {2013},
  publisher = {{California Department of Transportation}},
  location  = {{Sacramento, CA}}
}

@article{unknown2013a,
  title = {New York City Department of Environmental Protection},
  date  = {2013},
  url   = {https://www1.nyc.gov/assets/dep/downloads/pdf/climate-resiliency/climate-plan-single-page.pdf}
}

@report{y2008a,
  title       = {Seismic Performance Evaluation of Water Supply Systems},
  author      = {Wang, Y. and  O’Rourke, T.D.},
  date        = {2008},
  institution = {{MCEER}},
  location    = {{Buffalo, NY}},
  type        = {MCEER technical report},
  number      = {08-0015}
}

@article{zhu2018a,
  title        = {Validation of {{OpenSees}} for Tsunami Loading on Bridge Superstructures},
  author       = {Zhu, M. and Elkhetali, I. and Scott, M.H.},
  date         = {2018},
  journaltitle = {Journal of Bridge Engineering},
  volume       = {23},
  doi          = {10/gc78m8},
  number       = {4}
}


